3550 5434
751 530 894 586 ..47-

234 709 379 791 stantia
407 709 539 816 recipi,
570 737 616 790 ac
645 711 684 789 iu
714 711 960 791 Novitiatum
988 710 1161 817 probari.
1191 719 1229 790 et
1270 711 1412 791 deinde

234 844 450 943 antequam
483 835 533 915 ad
553 835 694 915 eadem
728 835 976 916 Monasteria
1008 861 1081 914 seu
1100 835 1330 915 Conventus
1350 833 1413 914 Fi-

233 959 404 1042 liationis
434 959 662 1066 hujusmodi
705 959 966 1059 remittantur,
997 958 1036 1036 in
1078 958 1334 1038 Professorio
1363 959 1415 1038 ad

233 1087 518 1194 perfectionem
545 1097 589 1168 ut
607 1087 879 1193 praemissum
908 1093 979 1184 est,
1000 1085 1176 1165 exerceri
1198 1084 1412 1164 debebunt.

231 1214 364 1292 Porro
393 1239 443 1292 ne
472 1211 582 1292 Loca
625 1213 744 1292 unius
787 1211 1034 1308 Monasterii,
1069 1237 1143 1290 seu
1184 1211 1414 1290 Conventus

233 1338 286 1418 ab
316 1337 392 1417 alio
422 1344 765 1443 praeoccupentur
784 1336 952 1442 Capituli
980 1334 1200 1434 Generalis
1232 1342 1298 1412 aut
1316 1332 1415 1410 Pro-

232 1460 414 1540 vincialis
444 1468 578 1566 partes
621 1470 736 1539 erunt
778 1485 995 1539 numerum
1037 1456 1311 1565 praescribere
1338 1481 1413 1562 pro

232 1585 438 1685 omnibus,
468 1594 505 1664 et
532 1611 623 1664 eam
651 1583 830 1664 similiter
859 1584 1057 1664 rationem
1077 1582 1182 1662 circa
1212 1582 1415 1662 alimento-

232 1737 327 1790 rum
365 1709 711 1807 contributionem,
742 1709 775 1788 si
815 1735 918 1814 opus
961 1707 1087 1808 fuerit,
1118 1709 1229 1790 inire,
1259 1734 1307 1788 ac
1335 1705 1415 1786 sin-

231 1834 339 1939 gulis
367 1834 639 1915 Conventibus
660 1843 696 1913 et
726 1833 986 1915 Monasteriis
1004 1835 1279 1939 praescribere
1308 1856 1411 1939 quae

232 1959 366 2062 magis
394 1959 583 2065 expedire
612 1958 814 2040 videbunt.

318 2083 370 2165 Ut
388 2094 523 2164 autem
544 2083 687 2162 Novitii
705 2084 790 2190 jam
810 2084 850 2162 in
869 2084 1157 2164 professorum
1181 2111 1410 2181 numerum,

230 2208 337 2287 sicut
365 2208 628 2312 praemittitur
669 2209 828 2314 recepti,
858 2207 1004 2288 melius
1036 2208 1076 2288 in
1117 2208 1225 2288 bono
1253 2209 1412 2315 Spiritu,

229 2332 530 2439 Regularisque
572 2332 815 2438 Disciplinac
857 2333 1111 2414 observantia
1157 2333 1415 2414 Stabiliantur

230 2463 271 2536 et
300 2457 603 2556 confirmentur,
633 2457 860 2558 mandatur,
892 2461 1098 2537 utstatim
1125 2467 1219 2566 post
1246 2460 1415 2561 Profes-

230 2583 382 2660 sioncm
410 2582 607 2678 emissum,
629 2583 666 2660 si
693 2584 732 2660 in
765 2581 1036 2678 concentibus,
1057 2591 1128 2661 act
1147 2580 1414 2662 Moncsteriis

219 2731 306 2813 pro
334 2704 603 2785 Nocitiutibus
632 2708 861 2810 cssipnatis,
905 2708 1037 2786 Locus
1078 2707 1224 2803 aderit,
1253 2705 1418 2785 secundi

226 2829 475 2920 Nocitictus,
506 2832 583 2910 sice
607 2830 865 2930 Professorii
881 2833 932 2909 ab
962 2859 1011 2910 cc
1029 2859 1132 2938 qnae
1159 2832 1414 2911 Nociticrcm

225 2961 287 3033 cst
319 2962 438 3060 atquc
467 2956 725 3062 antiquorum
755 2956 1049 3057 Professorcm
1081 2956 1327 3035 laubitctione
1355 2954 1415 3033 di-

226 3079 400 3157 stinctns
431 3087 468 3157 et
495 3089 742 3184 seprcpctm,
775 3081 828 3158 ibi
869 3082 1119 3181 collocentur,
1149 3089 1184 3160 si
1209 3082 1415 3160 Monastc-

226 3203 351 3300 rium,
382 3207 453 3282 aut
486 3201 704 3283 Conccntns
733 3229 798 3283 eos
827 3205 939 3284 utere
968 3215 1099 3312 queat,
1128 3208 1190 3285 sin
1217 3206 1345 3283 minus
1374 3206 1413 3282 in

228 3327 360 3405 atium
389 3327 695 3408 commodiorem
727 3329 970 3410 Concentnm
1003 3343 1075 3409 ant
1115 3331 1413 3409 Monasterium

228 3452 556 3551 transferantur,
579 3455 618 3530 in
639 3478 715 3560 qno
736 3457 768 3532 is
788 3455 921 3533 Locus
943 3483 1031 3534 cnm
1047 3456 1240 3561 requisitis
1256 3453 1313 3531 ad
1328 3452 1414 3531 No-

231 3576 416 3655 citiatcm
441 3581 754 3681 scprcacrrutis
783 3581 1025 3685 reperiatur,
1055 3579 1114 3658 cet
1131 3576 1414 3657 ‘accommode-

231 3705 318 3798 ίαν,
335 3705 406 3779 aut
420 3699 469 3778 de
488 3727 585 3782 noco
598 3711 871 3800 construatur,
889 3703 940 3782 ab
960 3703 1036 3783 hoc
1051 3713 1185 3784 tamen
1205 3702 1293 3782 illae
1308 3700 1412 3782 Reli-

230 3823 376 3928 gionos
391 3825 649 3931 excipiantur,
670 3853 773 3932 quae
791 3854 959 3907 suarum
979 3829 1324 3926 Constitutionum,
1340 3853 1413 3906 seu

230 3947 510 4029 Institutorum
523 3951 658 4054 vigore
668 3951 833 4058 majoris
844 3953 1166 4059 temporiscursu
1178 3979 1306 4030 novos
1316 3952 1412 4030 Pro-

229 4072 366 4151 fessos
380 4072 482 4154 intra
502 4075 749 4155 Novitiatum
770 4075 944 4155 detinere
964 4086 1243 4172 consuescunt3
1264 4075 1410 4182 quibus

228 4195 274 4273 in
303 4193 379 4274 hac
407 4205 518 4302 parte
538 4224 620 4276 non
635 4199 894 4304 derogamus,
911 4199 986 4280 iilis
1007 4209 1141 4280 tamen
1160 4200 1409 4307 permittitur,

230 4327 279 4400 ut
306 4321 517 4426 praedictis
550 4350 690 4403 aarum
732 4325 1089 4407 Constitutionihus
1131 4353 1212 4406 non
1254 4325 1411 4406 obstan·

230 4443 342 4525 tibus
371 4446 408 4526 id
436 4447 570 4554 ipsum
600 4450 729 4529 facere
758 4450 926 4556 possint,
957 4451 991 4530 si
1019 4451 1057 4530 id
1085 4450 1239 4550 rationi,
1270 4477 1315 4529 ac
1334 4451 1414 4530 Re·
