3550 5434
920 569 1081 624 -198-

413 744 616 842 mendum,
659 772 755 825 cum
780 746 865 853 jam
893 746 1030 826 nullus
1072 746 1294 852 sperandae
1335 745 1592 826 correctionis

413 872 526 951 locus
555 878 771 951 remaneat.
800 870 869 950 Ait
898 870 1005 950 enirn
1034 869 1162 951 Divus
1190 869 1374 950 Thomas
1393 867 1591 976 quodlibet

413 1023 449 1102 q.
482 996 532 1075 12
562 1005 633 1075 art.
664 995 727 1077 36.
761 1024 781 1073 «
816 996 911 1074 Non
940 995 1053 1075 debet
1081 993 1237 1100 Religio
1266 994 1445 1098 infligere
1471 994 1592 1074 talem

418 1155 438 1198 a
468 1148 653 1228 poenam,
684 1120 876 1228 quamdiu
897 1121 980 1201 vult
995 1119 1162 1224 corrigi;
1192 1120 1382 1225 quoniam
1412 1119 1515 1200 sicut
1532 1129 1593 1199 est

418 1277 439 1325 a
470 1247 833 1328 eoecommcnicotio
862 1245 902 1323 in
940 1243 1162 1326 Ecclesiam
1171 1270 1181 1342 ;
1223 1245 1275 1324 ita
1313 1252 1373 1324 est
1409 1244 1592 1350 expulsio

416 1401 437 1449 a
466 1398 490 1450 a
518 1369 748 1474 Religione:
778 1377 816 1448 et
843 1370 932 1450 ideo
962 1368 1189 1466 dicendum,
1219 1368 1328 1474 quod
1370 1367 1505 1448 nullas
1533 1377 1594 1448 est

419 1493 543 1573 «nisi
571 1501 731 1600 propter
774 1495 1073 1574 concremacione
1115 1492 1388 1600 expellendus
1428 1493 1499 1572 sed
1532 1505 1594 1573 est

420 1648 440 1695 «
470 1619 788 1724 sequestrandus
816 1617 856 1696 in
884 1645 1045 1698 carcere
1074 1619 1135 1698 vel
1165 1617 1241 1697 alio
1269 1618 1391 1697 modo
1421 1646 1457 1697 n.

496 1745 561 1823 Ex
590 1742 738 1848 quibus
766 1750 934 1842 constat,
956 1744 1077 1824 talem
1104 1741 1357 1847 Religiosum
1385 1752 1480 1823 tunc
1512 1751 1595 1823 tan-

416 1878 502 1949 tum
532 1895 622 1946 esse
652 1868 701 1947 ab
730 1865 880 1948 Ordine
900 1867 1162 1974 Ejiciendum,
1184 1894 1273 1946 curn
1293 1869 1595 1973 incorrcpibills

402 1991 576 2086 ·evadat;
605 2015 655 2068 ne
676 1990 775 2070 alios
795 1989 843 2068 ad
864 1989 1225 2095 praevaricandum
1245 1991 1364 2072 ducat
1377 1991 1492 2098 juxta
1512 2017 1597 2070 mo-

418 2113 546 2194 nitum
575 2114 753 2193 Honorii
780 2113 850 2193 III
873 2114 914 2192 in
943 2113 1126 2194 decretali
1152 2161 1172 2174 -
1199 2114 1269 2193 Εα
1289 2143 1391 2222 quac
1410 2115 1596 2196 clessam

419 2238 750 2317 Monachorum-
769 2265 874 2318 ocem
902 2238 1130 2318 morbidam
1160 2240 1330 2346 ejiciant
1349 2241 1400 2318 ab
1420 2241 1527 2336 erili,
1547 2268 1599 2318 ne

421 2361 579 2468 Inficiat
607 2389 733 2441 sanas
751 2388 849 2463 oues.

498 2486 573 2564 Ad
599 2485 828 2566 secundum.
857 2485 1050 2566 Urbanus
1078 2487 1171 2566 VIII
1200 2488 1344 2568 statuit.
1375 2487 1437 2567 Ne
1469 2487 1600 2594 impo-

420 2619 572 2691 sterum
588 2638 639 2690 ex
653 2609 931 2715 Religionibus
952 2611 1167 2716 quisquam
1195 2609 1368 2716 legitime
1389 2613 1599 2718 professus

420 2737 505 2845 ejici
534 2736 672 2842 possit,
702 2735 778 2815 nisi
807 2734 857 2814 sit
885 2761 974 2814 cere
1004 2737 1313 2843 incorrcpibilis:
1342 2737 1514 2817 decrevit
1529 2765 1600 2817 ne-

420 2860 571 2941 minem
603 2861 929 2964 incorrcpilrilem
957 2861 1205 2941 censendum
1243 2889 1345 2962 esse,
1375 2862 1450 2942 nisi
1479 2863 1601 2942 tinius

421 3011 574 3092 quoquc
604 2986 707 3061 curru
723 2987 856 3091 spolio
880 2987 922 3062 in
943 2984 1104 3090 jejunio
1125 2991 1162 3064 ct
1174 2988 1427 3092 poenitentia
1448 2989 1489 3064 in
1511 3014 1601 3065 car-

421 3109 580 3188 ceribus
596 3109 742 3212 sucrit
764 3111 975 3215 probatus.
1006 3108 1155 3214 Elapso
1198 3137 1305 3190 anno
1333 3111 1367 3190 si
1395 3137 1477 3190 non
1505 3113 1602 3190 resi-

420 3232 560 3338 puerit,
590 3232 662 3312 scd
690 3231 825 3312 animo
855 3232 1042 3313 indurato
1072 3233 1110 3312 in
1149 3261 1223 3314 sua
1262 3235 1480 3341 pervicacia
1511 3263 1603 3342 per-

421 3356 675 3452 severaverit,
706 3356 790 3464 ejici
831 3358 995 3437 tandem
1040 3359 1177 3464 possit.
1220 3358 1299 3440 Sed
1339 3360 1387 3440 ab
1420 3361 1603 3467 ‚ipsomet

421 3480 604 3562 Generali
647 3482 707 3583 de
741 3481 921 3562 Consilio
951 3493 988 3563 et
1017 3510 1188 3564 assensu
1230 3511 1305 3564 sex
1345 3487 1514 3566 Petrum
1547 3513 1601 3565 cx

422 3605 674 3710 gravioribus
689 3606 910 3710 Religionis
927 3605 1120 3710 eligendis
1127 3635 1136 3706 ;
1153 3635 1200 3688 ac
1211 3609 1382 3706 nonnisi,
1395 3611 1601 3706 instruct0,

424 3731 649 3810 secundum
669 3756 809 3810 corum
832 3732 982 3836 stylum
1013 3740 1049 3811 et
1064 3733 1378 3832 constitutiones
1391 3761 1599 3842 processa,

423 3862 461 3935 et
489 3854 602 3960 plene
630 3854 806 3960 probatis
836 3855 971 3934 causis
1001 3856 1272 3962 expulsionis:
1299 3885 1507 3966 processus
1539 3885 1604 3938 re-

424 3979 610 4059 sultantia
651 3987 841 4058 accusato
871 3983 1106 4077 contestari;
1144 3981 1273 4062 eidem
1315 3992 1474 4090 tempus
1510 4011 1605 4064 con-

424 4131 573 4210 gruum
614 4105 845 4204 concedere,
877 4132 957 4211 qao
988 4132 1086 4186 suas
1115 4107 1377 4206 defensiones
1418 4108 1502 4189 sive
1531 4135 1603 4214 per

424 4255 481 4324 se,
513 4227 597 4306 sive
624 4256 696 4335 per
724 4228 847 4308 aliurn
877 4230 1058 4336 ejusdem
1088 4231 1253 4310 Instituti
1281 4231 1514 4336 religiosum
1534 4259 1604 4313 ex·

425 4353 731 4434 hiberevaleat:
761 4354 859 4433 etsi
891 4363 1103 4434 accusatus
1134 4357 1219 4462 ipse
1247 4357 1431 4462 proprias
1474 4359 1604 4438 delen-

426 4475 561 4556 siones
589 4505 670 4556 non
700 4479 1020 4584 praesentaverit,
1051 4477 1243 4558 Tribunal
1273 4481 1526 4560 defensorem
1550 4507 1602 4560 ex
