3550 5434
894 482 1056 536 ..150-

470 664 659 741 Attamen
679 685 729 738 ex
743 658 932 739 relatione
961 667 1088 740 status
1102 659 1305 740 Ecclesiae
1325 657 1562 738 Mexicanae

390 791 544 865 constat
572 783 814 890 postulatum
841 783 966 863 fuisse
995 810 1018 862 a
1050 785 1089 864 S.
1121 782 1444 887 Congregatione
1463 807 1562 861 num

390 909 538 1016 conjux
565 934 734 986 manens
763 906 803 985 in
835 935 855 982 «
885 907 1046 988 saeculo
1065 908 1214 988 nedum
1234 908 1418 986 bimestre
1437 912 1475 984 et
1493 931 1563 982 an·

394 1063 414 1111 «
442 1059 537 1112 nam
565 1031 810 1138 probationis
839 1040 929 1112 ante
949 1030 1190 1140 simplicium
1208 1036 1396 1110 votorum
1415 1030 1564 1136 profes·

394 1155 600 1236 «sionem
640 1164 851 1260 expectare
892 1164 1082 1254 teneatur,
1121 1156 1193 1236 sed
1234 1163 1271 1234 et
1308 1154 1563 1260 subsequens

393 1310 414 1360 a
445 1281 668 1377 trienninm,
699 1307 777 1385 quo
807 1280 971 1360 demum
1012 1280 1183 1385 explete,
1208 1280 1323 1386 juxta
1364 1284 1563 1357 recentem

395 1434 415 1484 n
444 1404 694 1511 disciplinam
734 1405 868 1484 loemn
905 1431 995 1484 esse
1036 1403 1275 1511 professioni
1303 1402 1510 1483 Solemni?
1541 1432 1560 1476 a

392 1530 502 1609 idem
512 1530 706 1609 Summus
721 1528 906 1609 Pontifex
919 1529 1017 1608 Pius
1025 1529 1096 1627 lX,
1108 1528 1170 1608 die
1184 1529 1236 1608 24
1250 1530 1274 1609 J
1277 1527 1429 1608 anuarii
1446 1527 1563 1623 1862,

392 1653 512 1734 dnbio
541 1654 865 1759 respondendum
892 1654 1096 1733 mandarit
1118 1683 1138 1731 a
1158 1651 1315 1733 nonnisi
1326 1679 1399 1757 per
1418 1652 1566 1731 Solem-

398 1809 417 1856 «
446 1805 535 1857 nem
555 1779 750 1858 Veterem
770 1780 1063 1885 professionem
1091 1777 1392 1857 matrimonium
1419 1783 1566 1874 ratum,

397 1931 418 1980 a
448 1911 486 1982 et
526 1929 607 2002 non
650 1912 975 1983 consummatum
1016 1903 1205 1983 dissolvi:
1247 1929 1327 1982 non
1362 1927 1454 1981 aero
1488 1928 1568 2009 per

400 2059 420 2106 «
441 2028 736 2135 professionem
770 2027 967 2106 Veterem
995 2025 1244 2136 Simplieinm
1272 2055 1308 2106 n.

475 2153 584 2256 Ergo
599 2151 699 2231 inter
717 2150 1009 2257 professionem
1028 2151 1250 2231 Solemnem
1268 2158 1306 2229 et
1326 2150 1567 2256 Simplicem,

396 2278 515 2356 etiam
543 2283 634 2382 post
647 2275 954 2355 Constitutiones
973 2276 1034 2354 Pii
1052 2276 1188 2382 Papae
1203 2275 1273 2374 IX,
1290 2302 1412 2380 grave
1431 2274 1570 2354 discri-

397 2426 490 2479 men
518 2400 661 2480 adesse
688 2398 853 2505 planum
882 2407 953 2478 est.

915 2773 951 2876 ἓ·
981 2773 1049 2852 2·“’

665 2998 775 3078 Hine
802 3003 1024 3106 qaaeritnr,
1045 3029 1099 3079 an
1128 3008 1300 3106 atraque

437 3158 646 3264 Professio
674 3159 810 3266 qaoacl
834 3161 1099 3240 snbstantiam
1119 3163 1244 3269 possit
1271 3160 1530 3268 dispensari?

479 3390 540 3470 De
568 3390 814 3496 professione
842 3391 1020 3472 Solemni
1048 3418 1098 3471 ne
1127 3391 1295 3471 verbum
1314 3391 1475 3498 quidem
1495 3390 1571 3471 dici

400 3520 529 3621 potest
556 3513 675 3594 relate
703 3515 761 3594 acl
777 3516 1104 3624 dispensationem
1130 3541 1264 3609 onom>
1283 3540 1569 3609 svesamma,

399 3639 471 3718 sed
498 3647 651 3728 tantum
679 3640 977 3720 accidentaliter
995 3640 1138 3722 remitti
1167 3667 1238 3747 per
1256 3640 1571 3720 saecularizatio-

399 3790 505 3862 nem,
535 3764 583 3843 de
612 3791 690 3870 qua
718 3764 880 3844 inferius
909 3773 947 3844 et
975 3765 1102 3845 fusius
1130 3765 1339 3845 habebitur
1362 3763 1476 3844 ratio

480 3888 589 3991 Ergo
618 3887 667 3966 de
694 3887 988 3994 dispensatione
1016 3889 1143 3968 solnm
1169 3890 1440 3991 Professionis
1467 3887 1572 3967 Sim-

393 4011 506 4117 plicis
534 4037 669 4090 sermo
698 4023 758 4092 est
785 4010 1006 4092 habendus

479 4135 663 4214 Primum
694 4143 851 4217 notatur
879 4138 984 4244 quod
1016 4135 1222 4215 Professio
1251 4135 1334 4214 sive
1372 4136 1567 4233 annualis,

401 4259 485 4339 sive
514 4261 718 4357 biennalis,
735 4260 797 4339 vel
817 4262 1021 4342 triennalis
1039 4260 1079 4340 in
1107 4260 1223 4340 novis
1251 4260 1439 4341 Institutis
1459 4261 1571 4340 titalo

401 4384 666 4492 emperimenti
691 4385 976 4492 praemittenda
995 4386 1045 4465 ad
1064 4385 1365 4464 Professionem
1378 4393 1571 4493 perpetao
