3550 5434
748 547 909 602 -111-

236 755 288 808 ea
316 737 450 809 tamen
479 727 714 827 conditione,
752 733 796 807 ut
831 754 953 834 qurum
992 724 1106 806 citius
1130 727 1234 832 fieri
1254 728 1417 833 poterit,

238 853 543 932 necessitatibus
573 853 779 932 enarratis
808 854 880 959 ipsi
894 851 1106 960 prouidere
1135 857 1337 930 conentur.

762 1224 797 1327 §-
828 1224 897 1302 6³¹⁸

241 1455 351 1545 Quid
372 1453 607 1560 sociandum
634 1456 677 1550 si,
708 1457 840 1562 elapso
869 1451 1051 1567 triennio
1073 1453 1116 1531 in
1142 1453 1418 1550 Professorcb,

350 1598 609 1677 Postulcntes
638 1597 812 1677 nondum
846 1597 954 1676 Vota
982 1594 1189 1676 Solemnic
1215 1622 1420 1701 nuncupo-

355 1740 513 1819 verint?

325 1970 494 2051 Vocatio
523 1970 572 2050 ad
601 1969 756 2050 Statum
786 1969 1019 2073 religiosum
1062 1979 1123 2050 est
1150 1971 1303 2050 donum
1331 1971 1417 2070 Dei,

240 2097 359 2178 cuius
387 2093 596 2201 explicatio
624 2094 866 2200 quandoque
894 2094 1085 2174 retardari
1115 2094 1281 2174 videtur.

326 2220 432 2300 Hinc
473 2219 574 2298 Pius
616 2219 729 2324 Papa
758 2219 829 2298 IX.
859 2218 991 2322 legem
1036 2220 1233 2298 Votorum
1269 2220 1425 2326 Simpli-

242 2346 354 2426 cium
382 2344 581 2450 sapienter
609 2343 730 2422 edixit
759 2345 823 2447 (de
844 2370 923 2449 qua
943 2371 1018 2423 suo
1047 2344 1136 2458 lpco
1166 2370 1300 2423 sermo
1321 2347 1421 2450 erit),

240 2468 458 2574 indulgens
487 2464 771 2573 Superioribus
802 2466 1132 2565 provincialibus,
1161 2494 1213 2546 ex
1242 2468 1356 2547 iustis
1384 2478 1423 2548 et

240 2591 546 2673 rationabilibus
592 2589 738 2690 causis
781 2591 1074 2697 professionem
1122 2592 1319 2672 Votorum
1350 2593 1422 2672 So-

242 2718 430 2795 lemnium
458 2715 628 2810 differre
657 2741 741 2794 non
782 2724 917 2793 tamen
958 2716 1070 2794 ultra
1097 2722 1271 2794 aetutem
1299 2743 1421 2795 anno-

241 2869 341 2920 rum
375 2839 716 2946 vigintiquinque
744 2842 1019 2947 emplctorum:
1049 2842 1204 2919 Decret.
1235 2841 1286 2921 ad
1327 2841 1422 2922 Uni-

243 2963 414 3043 versalis
449 2963 653 3046 Ecclesiae
691 2965 882 3069 regimen.
922 2965 961 3045 7.
999 2963 1116 3045 Febr.
1158 2965 1273 3045 1862.
1304 2977 1422 3046 -et

243 3089 288 3168 in
315 3087 392 3167 hoo
420 3115 518 3168 casu
556 3095 616 3168 est
656 3089 945 3168 recurrendum
974 3091 1025 3170 ad
1067 3091 1108 3170 S.
1137 3091 1422 3194 Congregatio-

243 3237 353 3310 nem,
385 3238 490 3318 quae
511 3259 561 3270 —
590 3211 818 3292 dilutionem
839 3213 1065 3292 aduncum
1081 3213 1213 3317 facile
1232 3213 1419 3292 concedit.

327 3337 529 3443 Tempora
558 3362 653 3416 vero
691 3337 775 3416 sive
804 3338 1040 3436 NovitiatuS,
1070 3336 1155 3416 sive
1182 3337 1422 3419 Professorii

244 3460 396 3541 licitum
425 3488 475 3540 ne
494 3468 555 3541 est
573 3461 847 3568 superioribus
875 3465 1052 3544 Juvcnes
1071 3460 1310 3543 Probandos
1333 3463 1422 3542 reii-

245 3612 338 3665 cere
365 3587 452 3665 sine
481 3589 632 3667 causat

327 3712 434 3791 Huic
468 3711 727 3818 propositioni
765 3713 930 3792 forsitan
965 3715 1156 3794 Lectores
1190 3715 1250 3795 vel
1279 3715 1422 3794 verita-

245 3843 328 3916 tem
357 3844 515 3941 negant
531 3836 592 3916 vel
614 3836 758 3916 molius
779 3836 1097 3944 probabilitatem
1116 3840 1251 3920 minus
1280 3867 1423 3919 conce-

246 3961 355 4041 dunt.
378 3960 648 4041 Nihilominus
668 3962 776 4069 quod
795 3964 1023 4043 verosimile
1037 3991 1119 4044 non
1134 3974 1194 4046 est
1208 3965 1419 4072 aliquando

245 4083 287 4164 in
315 4085 478 4164 veritate
507 4086 707 4166 fundatur.

326 4209 534 4315 Siquidem
561 4210 603 4289 in
631 4210 836 4310 Clausum,
867 4211 968 4291 inter
987 4215 1154 4294 Iuvenes
1175 4214 1420 4322 postulantes

246 4341 286 4412 et
314 4332 542 4438 Religiosos
571 4343 696 4416 aetate
725 4345 948 4441 provectos
983 4337 1195 4419 incidentia
1222 4339 1420 4420 interdum

246 4466 461 4562 exurgunt,
493 4461 548 4564 (et
575 4461 779 4566 quomodo
799 4462 839 4540 in
867 4462 1117 4543 multitudine
1136 4464 1315 4569 gentium
1346 4464 1423 4544 evi-
