3550 5434
1576 5 1765 235 ,Ἰ

946 551 1090 606 ..36-

432 760 483 812 ex
513 734 635 814 altera
664 733 906 826 destruatur,
935 731 1059 812 Sacra
1087 730 1367 834 CongregatiO,
1396 730 1611 811 Sanctitate

432 860 514 939 Sua
556 855 736 935 similiter
777 854 1038 962 approbante,
1082 853 1230 935 statuit.
1259 861 1378 960 atque
1419 855 1607 951 decernit,

431 982 541 1062 nulla
567 982 831 1087 imposterum
859 979 1118 1079 Monasterie,
1133 978 1320 1083 Collegia,
1337 981 1493 1079 domos
1510 981 1609 1060 Con-

432 1119 587 1206 1100100,
618 1115 685 1186 001
706 1106 782 1186 0110
800 1105 1102 1209 Religiosorum
1121 1105 1314 1186 Virorum
1333 1105 1422 1186 loca
1441 1104 1610 1202 fundari,

434 1230 543 1335 erigi,
573 1239 640 1310 aut
668 1229 811 1336 quovis
839 1228 962 1309 modo
990 1227 1139 1309 institui
1159 1228 1316 1328 debere,
1345 1229 1422 1308 nisi
1449 1229 1526 1309 sub
1547 1255 1613 1308 ex·

433 1381 577 1464 pressa
630 1354 872 1458 obligatione
929 1362 1095 1434 exactae
1136 1353 1239 1434 vitae
1285 1353 1513 1434 communis
1559 1355 1611 1434 ab

435 1479 624 1561 omnibus
652 1477 868 1583 Religiosis
896 1475 948 1556 ibi
977 1477 1322 1558 commorantibus
1350 1487 1554 1584 perpetuo,
1573 1488 1613 1559 et

435 1604 619 1685 inviolate
660 1601 894 1701 servandae,
924 1628 972 1681 00
1013 1610 1223 1709 propterea
1250 1601 1382 1682 nullas
1424 1604 1612 1709 deinceps

436 1729 701 1810 admittendas
729 1725 959 1834 hujusmodi
979 1726 1244 1823 fundationes,
1265 1726 1341 1807 nisi
1360 1741 1516 1834 praeter
1535 1726 1612 1806 alia

437 1854 487 1934 ad
516 1853 554 1936 id
583 1851 781 1958 requisita,
811 1852 923 1958 prius
951 1851 1124 1955 legitime
1143 1851 1361 1931 constiterit
1381 1852 1523 1932 adesse
1541 1878 1614 1932 00-

436 2005 541 2060 nuos
583 1977 771 2074 redditus,
811 1977 875 2055 vel
921 1984 1071 2056 certam
1113 1975 1450 2056 eleemosinarum
1483 2003 1611 2082 spem,

437 2103 583 2210 quibus
625 2100 835 2181 duodecim
877 2099 1019 2180 saltem
1049 2099 1241 2204 Religiosi
1282 2099 1322 2179 10
1351 2109 1492 2180 exacta
1533 2101 1613 2180 vita

438 2227 643 2308 communi
674 2211 887 2306 commode
915 2225 1072 2304 valeant
1099 2225 1325 2305 sustentari.

518 2353 565 2431 Ρ.
611 2351 675 2432 10.
718 2398 769 2409 -
813 2351 907 2430 Non
949 2348 1201 2430 obstantibus
1243 2349 1349 2430 circa
1389 2349 1614 2457 praemissa

438 2477 586 2573 omnia,
631 2482 668 2556 et
710 2475 870 2579 singula
912 2483 950 2555 et
992 2473 1319 2555 Ordinationibus
1356 2473 1615 2581 ApostoliciS,

439 2627 596 2682 necnon
625 2625 973 2707 quorumcumque
1003 2599 1201 2680 Ordinum
1227 2599 1403 2695 StatutiS,
1437 2601 1619 2680 Consue-

438 2725 653 2822 tudinibus,
684 2723 912 2830 privilegiis,
942 2723 1187 2829 caeterisque
1216 2723 1426 2803 contrariis
1455 2723 1618 2830 quibus-

441 2877 625 2956 cumque.

521 2975 568 3054 P.
599 2975 662 3054 11.
692 3021 743 3034 -
772 2975 837 3054 Ad
867 2983 1095 3052 extremum
1124 2974 1266 3053 eadem
1294 2975 1420 3054 Sacra
1443 2976 1617 3078 Congre-

442 3098 547 3203 gatio
576 3097 801 3201 Regulares
829 3123 972 3177 omnes
1001 3097 1289 3202 cujuscumque
1311 3096 1480 3193 Ordinis,
1499 3108 1536 3176 et
1554 3099 1619 3178 ln·

442 3223 562 3304 stituti
591 3223 680 3320 sint,
709 3221 936 3302 Sanctitatis
962 3222 1068 3302 Suae
1110 3221 1243 3300 verbis
1272 3221 1377 3300 serio
1415 3223 1617 3323 admonet,

442 3356 480 3427 et
507 3347 547 3426 10
576 3347 751 3427 Domino
780 3345 1011 3440 obtestatur,
1041 3353 1084 3424 ut
1113 3345 1223 3425 omni
1243 3372 1358 3424 mora
1383 3346 1617 3453 postposita,

443 3471 556 3551 sicuti
585 3470 707 3551 Filios
737 3469 993 3550 Obedientiae
1021 3470 1144 3568 decet,
1188 3470 1238 3549 ad
1266 3469 1460 3573 Regulae,
1494 3497 1619 3576 quam

444 3593 616 3702 amplexi
646 3604 749 3690 sunt,
779 3593 1067 3700 praescriptam
1086 3593 1209 3673 vitam
1229 3593 1433 3675 instituant
1452 3603 1490 3676 01
1512 3619 1621 3674 com-

445 3727 603 3826 000001,
635 3719 881 3824 decretisque
910 3718 1155 3825 Apostolicis
1184 3727 1433 3824 proaeterna
1460 3718 1620 3798 illorum

445 3844 571 3925 salute
613 3842 725 3922 editis
762 3843 917 3923 sincere
960 3870 1006 3922 ac
1035 3842 1201 3923 fideliter
1242 3850 1420 3948 pareant,
1462 3869 1536 3922 nec
1570 3843 1622 3922 ab

445 3995 586 4049 eorum
628 3967 881 4048 observantia
922 3966 1108 4046 inanibus
1150 3966 1549 4074 interpretationibus,
1583 3978 1623 4046 01

446 4093 621 4190 fallaciis,
634 4101 700 4172 001
719 4091 1010 4172 relaxationum
1030 4091 1274 4197 pretextibus
1295 4091 1345 4172 ad
1369 4091 1625 4172 excusandas

446 4219 724 4298 excusationes
754 4217 793 4296 in
822 4215 997 4324 peccatis
1026 4217 1167 4296 adduci
1187 4243 1233 4296 se
1260 4216 1403 4315 sinant,
1426 4219 1497 4298 sed
1525 4219 1625 4298 Pro

445 4343 607 4423 lessioni
637 4369 734 4422 suae
763 4369 978 4437 memores,
1009 4367 1088 4447 qua
1117 4368 1161 4421 se
1189 4349 1295 4421 totos
1323 4343 1397 4422 Dei
1426 4342 1622 4449 obsequio

445 4468 734 4573 manciparunt,
782 4476 1016 4573 susceptum
1070 4465 1318 4547 Christianae
1370 4466 1623 4573 perfectionis
