<?xml version="1.0" encoding="UTF-8"?>
<!DOCTYPE html PUBLIC "-//W3C//DTD XHTML 1.0 Transitional//EN"
    "http://www.w3.org/TR/xhtml1/DTD/xhtml1-transitional.dtd">
<html xmlns="http://www.w3.org/1999/xhtml" xml:lang="en" lang="en">
 <head>
  <title>
</title>
<meta http-equiv="Content-Type" content="text/html;charset=utf-8" />
  <meta name='ocr-system' content='tesseract 3.04.00' />
  <meta name='ocr-capabilities' content='ocr_page ocr_carea ocr_par ocr_line ocrx_word'/>
</head>
<body>
  <div class='ocr_page' id='page_1' title='image "./dejurepracticor00nervgoog_0215.png"; bbox 0 0 3550 5434; ppageno 0'>
   <div class='ocr_carea' id='block_1_1' title="bbox 709 606 872 660">
    <p class='ocr_par' dir='ltr' id='par_1_1' title="bbox 709 606 872 660">
     <span class='ocr_line' id='line_1_1' title="bbox 709 606 872 660; baseline 0 -1"><span class='ocrx_word' id='word_1_1' title='bbox 709 606 872 660; x_wconf 83' lang='lat'>-213-</span> 
     </span>
    </p>
   </div>
   <div class='ocr_carea' id='block_1_2' title="bbox 180 785 1385 4019">
    <p class='ocr_par' dir='ltr' id='par_1_2' title="bbox 193 785 1385 1618">
     <span class='ocr_line' id='line_1_2' title="bbox 193 785 1385 894; baseline -0.001 -27"><span class='ocrx_word' id='word_1_2' title='bbox 193 814 303 894; x_wconf 89' lang='lat' dir='ltr'>quae</span> <span class='ocrx_word' id='word_1_3' title='bbox 340 785 468 866; x_wconf 88' lang='lat' dir='ltr'>eidem</span> <span class='ocrx_word' id='word_1_4' title='bbox 512 786 742 866; x_wconf 90' lang='lat' dir='ltr'>deferuntur</span> <span class='ocrx_word' id='word_1_5' title='bbox 777 796 872 892; x_wconf 90' lang='lat' dir='ltr'>post</span> <span class='ocrx_word' id='word_1_6' title='bbox 913 785 1142 866; x_wconf 92' lang='lat' dir='ltr'>transitum:</span> <span class='ocrx_word' id='word_1_7' title='bbox 1185 814 1232 866; x_wconf 91' lang='lat' dir='ltr'>ac</span> <span class='ocrx_word' id='word_1_8' title='bbox 1274 786 1385 894; x_wconf 85' lang='lat' dir='ltr'>ajunt</span> 
     </span>
     <span class='ocr_line' id='line_1_3' title="bbox 195 912 1381 1022; baseline -0.002 -30"><span class='ocrx_word' id='word_1_9' title='bbox 195 960 247 972; x_wconf 95' lang='lat'><em>-</em></span> <span class='ocrx_word' id='word_1_10' title='bbox 269 912 378 992; x_wconf 91' lang='lat' dir='ltr'>bona</span> <span class='ocrx_word' id='word_1_11' title='bbox 389 914 552 1020; x_wconf 82' lang='lat' dir='ltr'>prioris</span> <span class='ocrx_word' id='word_1_12' title='bbox 572 913 735 1017; x_wconf 75' lang='lat' dir='ltr'>perieris</span> <span class='ocrx_word' id='word_1_13' title='bbox 751 938 915 990; x_wconf 86' lang='lat' dir='ltr'>manere</span> <span class='ocrx_word' id='word_1_14' title='bbox 933 937 1055 1017; x_wconf 82' lang='lat' dir='ltr'>penes</span> <span class='ocrx_word' id='word_1_15' title='bbox 1074 912 1381 1022; x_wconf 70' lang='lat' dir='ltr'>Monasterium</span> 
     </span>
     <span class='ocr_line' id='line_1_4' title="bbox 194 1036 1384 1144; baseline 0.005 -33"><span class='ocrx_word' id='word_1_16' title='bbox 194 1036 260 1116; x_wconf 79' lang='lat' dir='ltr'>vel</span> <span class='ocrx_word' id='word_1_17' title='bbox 287 1036 553 1141; x_wconf 79' lang='lat' dir='ltr'>Religionem,</span> <span class='ocrx_word' id='word_1_18' title='bbox 583 1064 606 1116; x_wconf 91' lang='lat' dir='ltr'>a</span> <span class='ocrx_word' id='word_1_19' title='bbox 635 1063 716 1143; x_wconf 91' lang='lat' dir='ltr'>qua</span> <span class='ocrx_word' id='word_1_20' title='bbox 745 1038 901 1116; x_wconf 88' lang='lat' dir='ltr'>transit:</span> <span class='ocrx_word' id='word_1_21' title='bbox 922 1063 1018 1118; x_wconf 89' lang='lat' dir='ltr'>nam</span> <span class='ocrx_word' id='word_1_22' title='bbox 1039 1038 1143 1136; x_wconf 82' lang='lat' dir='ltr'>huic,</span> <span class='ocrx_word' id='word_1_23' title='bbox 1187 1064 1259 1144; x_wconf 90' lang='lat' dir='ltr'>per</span> <span class='ocrx_word' id='word_1_24' title='bbox 1285 1039 1384 1118; x_wconf 87' lang='lat' dir='ltr'>Pro-</span> 
     </span>
     <span class='ocr_line' id='line_1_5' title="bbox 195 1161 1384 1268; baseline 0.003 -28"><span class='ocrx_word' id='word_1_25' title='bbox 195 1161 415 1241; x_wconf 84' lang='lat' dir='ltr'>lessionem</span> <span class='ocrx_word' id='word_1_26' title='bbox 456 1161 549 1240; x_wconf 87' lang='lat' dir='ltr'>inibi</span> <span class='ocrx_word' id='word_1_27' title='bbox 591 1163 750 1258; x_wconf 88' lang='lat' dir='ltr'>editam,</span> <span class='ocrx_word' id='word_1_28' title='bbox 787 1161 966 1268; x_wconf 89' lang='lat' dir='ltr'>quaesita</span> <span class='ocrx_word' id='word_1_29' title='bbox 995 1171 1090 1241; x_wconf 91' lang='lat' dir='ltr'>sunt</span> <span class='ocrx_word' id='word_1_30' title='bbox 1123 1161 1315 1260; x_wconf 86' lang='lat' dir='ltr'>absolute,</span> <span class='ocrx_word' id='word_1_31' title='bbox 1345 1173 1384 1243; x_wconf 92' lang='lat' dir='ltr'>et</span> 
     </span>
     <span class='ocr_line' id='line_1_6' title="bbox 195 1287 1382 1394; baseline 0.001 -28"><span class='ocrx_word' id='word_1_32' title='bbox 195 1288 286 1367; x_wconf 87' lang='lat' dir='ltr'>sine</span> <span class='ocrx_word' id='word_1_33' title='bbox 313 1287 504 1367; x_wconf 75' lang='lat' dir='ltr'>transitus</span> <span class='ocrx_word' id='word_1_34' title='bbox 533 1289 652 1367; x_wconf 88' lang='lat' dir='ltr'>futuri</span> <span class='ocrx_word' id='word_1_35' title='bbox 682 1288 978 1368; x_wconf 88' lang='lat' dir='ltr'>conditione-</span> <span class='ocrx_word' id='word_1_36' title='bbox 1003 1287 1101 1368; x_wconf 85' lang='lat' dir='ltr'>Cau.</span> <span class='ocrx_word' id='word_1_37' title='bbox 1132 1291 1232 1394; x_wconf 78' lang='lat' dir='ltr'>quia</span> <span class='ocrx_word' id='word_1_38' title='bbox 1253 1290 1382 1392; x_wconf 75' lang='lat' dir='ltr'>inpre-</span> 
     </span>
     <span class='ocr_line' id='line_1_7' title="bbox 195 1413 1382 1521; baseline 0.001 -30"><span class='ocrx_word' id='word_1_39' title='bbox 195 1413 401 1492; x_wconf 81' lang='lat' dir='ltr'>dicntibus</span> <span class='ocrx_word' id='word_1_40' title='bbox 419 1413 456 1490; x_wconf 89' lang='grc'>7.</span> <span class='ocrx_word' id='word_1_41' title='bbox 477 1413 597 1493; x_wconf 80' lang='lat' dir='ltr'>Cous.</span> <span class='ocrx_word' id='word_1_42' title='bbox 624 1413 688 1494; x_wconf 86' lang='lat'>19.</span> <span class='ocrx_word' id='word_1_43' title='bbox 710 1420 863 1521; x_wconf 81' lang='lat' dir='ltr'>quaest.</span> <span class='ocrx_word' id='word_1_44' title='bbox 895 1415 935 1493; x_wconf 93' lang='lat'>3.</span> <span class='ocrx_word' id='word_1_45' title='bbox 955 1443 1043 1494; x_wconf 84' lang='lat' dir='ltr'>-e</span> <span class='ocrx_word' id='word_1_46' title='bbox 1078 1415 1188 1493; x_wconf 76' lang='lat' dir='ltr'>arilli.</span> <span class='ocrx_word' id='word_1_47' title='bbox 1207 1416 1382 1518; x_wconf 78' lang='lat' dir='ltr'>inpressi</span> 
     </span>
     <span class='ocr_line' id='line_1_8' title="bbox 202 1536 666 1618; baseline -0.002 0"><span class='ocrx_word' id='word_1_48' title='bbox 202 1537 299 1618; x_wconf 76' lang='lat' dir='ltr'>Cocl.</span> <span class='ocrx_word' id='word_1_49' title='bbox 330 1537 378 1616; x_wconf 81' lang='lat' dir='ltr'>dc</span> <span class='ocrx_word' id='word_1_50' title='bbox 406 1538 481 1617; x_wconf 88' lang='lat' dir='ltr'>SS.</span> <span class='ocrx_word' id='word_1_51' title='bbox 510 1536 666 1617; x_wconf 71' lang='lat' dir='ltr'>Bootes.</span> 
     </span>
    </p>

    <p class='ocr_par' dir='ltr' id='par_1_3' title="bbox 195 1664 1382 2143">
     <span class='ocr_line' id='line_1_9' title="bbox 277 1664 1380 1772; baseline 0.004 -31"><span class='ocrx_word' id='word_1_52' title='bbox 277 1664 394 1742; x_wconf 90' lang='lat' dir='ltr'>Bona</span> <span class='ocrx_word' id='word_1_53' title='bbox 414 1689 508 1742; x_wconf 90' lang='lat' dir='ltr'>vero</span> <span class='ocrx_word' id='word_1_54' title='bbox 526 1666 689 1768; x_wconf 73' lang='lat' dir='ltr'>perieris</span> <span class='ocrx_word' id='word_1_55' title='bbox 712 1667 972 1772; x_wconf 80' lang='lat' dir='ltr'>posterioris,</span> <span class='ocrx_word' id='word_1_56' title='bbox 992 1665 1027 1746; x_wconf 89' lang='lat' dir='ltr'>si</span> <span class='ocrx_word' id='word_1_57' title='bbox 1047 1664 1146 1746; x_wconf 88' lang='lat' dir='ltr'>haec</span> <span class='ocrx_word' id='word_1_58' title='bbox 1166 1665 1380 1746; x_wconf 75' lang='lat' dir='ltr'>obveniant</span> 
     </span>
     <span class='ocr_line' id='line_1_10' title="bbox 195 1790 1380 1896; baseline 0.002 -28"><span class='ocrx_word' id='word_1_59' title='bbox 195 1790 340 1888; x_wconf 88' lang='lat' dir='ltr'>eidem,</span> <span class='ocrx_word' id='word_1_60' title='bbox 370 1798 461 1895; x_wconf 86' lang='lat' dir='ltr'>post</span> <span class='ocrx_word' id='word_1_61' title='bbox 489 1790 783 1895; x_wconf 72' lang='lat' dir='ltr'>professionem</span> <span class='ocrx_word' id='word_1_62' title='bbox 820 1792 968 1870; x_wconf 90' lang='lat' dir='ltr'>editam</span> <span class='ocrx_word' id='word_1_63' title='bbox 1005 1792 1047 1870; x_wconf 91' lang='lat' dir='ltr'>in</span> <span class='ocrx_word' id='word_1_64' title='bbox 1084 1793 1286 1896; x_wconf 91' lang='lat' dir='ltr'>religione,</span> <span class='ocrx_word' id='word_1_65' title='bbox 1330 1792 1380 1871; x_wconf 92' lang='lat' dir='ltr'>ad</span> 
     </span>
     <span class='ocr_line' id='line_1_11' title="bbox 196 1914 1382 2020; baseline 0.002 -28"><span class='ocrx_word' id='word_1_66' title='bbox 196 1941 321 2020; x_wconf 79' lang='lat' dir='ltr'>quam</span> <span class='ocrx_word' id='word_1_67' title='bbox 349 1914 501 2011; x_wconf 84' lang='lat' dir='ltr'>transit,</span> <span class='ocrx_word' id='word_1_68' title='bbox 522 1923 704 2020; x_wconf 86' lang='lat' dir='ltr'>spectant</span> <span class='ocrx_word' id='word_1_69' title='bbox 721 1915 772 1995; x_wconf 91' lang='lat' dir='ltr'>ad</span> <span class='ocrx_word' id='word_1_70' title='bbox 791 1915 1096 2014; x_wconf 87' lang='lat' dir='ltr'>Monasterium,</span> <span class='ocrx_word' id='word_1_71' title='bbox 1119 1918 1177 1996; x_wconf 84' lang='lat' dir='ltr'>vel</span> <span class='ocrx_word' id='word_1_72' title='bbox 1199 1918 1249 1996; x_wconf 93' lang='lat' dir='ltr'>ad</span> <span class='ocrx_word' id='word_1_73' title='bbox 1278 1916 1382 1995; x_wconf 88' lang='lat' dir='ltr'>Reli·</span> 
     </span>
     <span class='ocr_line' id='line_1_12' title="bbox 195 2038 776 2143; baseline 0.005 -28"><span class='ocrx_word' id='word_1_74' title='bbox 195 2038 301 2143; x_wconf 85' lang='lat' dir='ltr'>giosi</span> <span class='ocrx_word' id='word_1_75' title='bbox 330 2064 478 2118; x_wconf 84' lang='lat' dir='ltr'>noram</span> <span class='ocrx_word' id='word_1_76' title='bbox 506 2039 776 2119; x_wconf 89' lang='lat' dir='ltr'>Provinciam.</span> 
     </span>
    </p>

    <p class='ocr_par' dir='ltr' id='par_1_4' title="bbox 180 2151 1380 3020">
     <span class='ocr_line' id='line_1_13' title="bbox 278 2151 1380 2270; baseline 0.002 -28"><span class='ocrx_word' id='word_1_77' title='bbox 278 2163 359 2243; x_wconf 88' lang='lat' dir='ltr'>Sed</span> <span class='ocrx_word' id='word_1_78' title='bbox 388 2162 616 2270; x_wconf 86' lang='lat' dir='ltr'>hujusmodi</span> <span class='ocrx_word' id='word_1_79' title='bbox 646 2165 824 2269; x_wconf 79' lang='lat' dir='ltr'>quaestio</span> <span class='ocrx_word' id='word_1_80' title='bbox 867 2151 1034 2270; x_wconf 72' lang='lat' dir='ltr'>pertinet</span> <span class='ocrx_word' id='word_1_81' title='bbox 1070 2166 1204 2270; x_wconf 90' lang='lat' dir='ltr'>potius</span> <span class='ocrx_word' id='word_1_82' title='bbox 1233 2166 1283 2245; x_wconf 88' lang='lat' dir='ltr'>ad</span> <span class='ocrx_word' id='word_1_83' title='bbox 1325 2164 1380 2244; x_wconf 94' lang='lat' dir='ltr'>in-</span> 
     </span>
     <span class='ocr_line' id='line_1_14' title="bbox 195 2288 1379 2396; baseline 0.003 -29"><span class='ocrx_word' id='word_1_84' title='bbox 195 2297 355 2368; x_wconf 87' lang='lat' dir='ltr'>ternam</span> <span class='ocrx_word' id='word_1_85' title='bbox 384 2288 583 2368; x_wconf 88' lang='lat' dir='ltr'>Ordinum</span> <span class='ocrx_word' id='word_1_86' title='bbox 612 2288 1009 2388; x_wconf 75' lang='lat' dir='ltr'>administrationem,</span> <span class='ocrx_word' id='word_1_87' title='bbox 1049 2315 1171 2395; x_wconf 91' lang='lat' dir='ltr'>quam</span> <span class='ocrx_word' id='word_1_88' title='bbox 1205 2291 1255 2370; x_wconf 90' lang='lat' dir='ltr'>ad</span> <span class='ocrx_word' id='word_1_89' title='bbox 1288 2290 1379 2396; x_wconf 87' lang='lat' dir='ltr'>jura</span> 
     </span>
     <span class='ocr_line' id='line_1_15' title="bbox 195 2412 1379 2518; baseline 0.001 -26"><span class='ocrx_word' id='word_1_90' title='bbox 195 2412 449 2492; x_wconf 84' lang='lat' dir='ltr'>extrinsecus</span> <span class='ocrx_word' id='word_1_91' title='bbox 477 2413 749 2492; x_wconf 89' lang='lat' dir='ltr'>considerata:</span> <span class='ocrx_word' id='word_1_92' title='bbox 779 2413 875 2492; x_wconf 79' lang='lat' dir='ltr'>lrinc</span> <span class='ocrx_word' id='word_1_93' title='bbox 901 2415 1000 2517; x_wconf 84' lang='lat' dir='ltr'>(nisi</span> <span class='ocrx_word' id='word_1_94' title='bbox 1029 2413 1294 2518; x_wconf 70' lang='lat' dir='ltr'>Conprepctio</span> <span class='ocrx_word' id='word_1_95' title='bbox 1329 2414 1379 2493; x_wconf 87' lang='lat' dir='ltr'>sit</span> 
     </span>
     <span class='ocr_line' id='line_1_16' title="bbox 180 2537 1376 2644; baseline -0.003 -24"><span class='ocrx_word' id='word_1_96' title='bbox 180 2565 220 2620; x_wconf 74' lang='lat' dir='ltr'>‚a</span> <span class='ocrx_word' id='word_1_97' title='bbox 249 2537 429 2644; x_wconf 87' lang='lat' dir='ltr'>partibus</span> <span class='ocrx_word' id='word_1_98' title='bbox 458 2539 508 2616; x_wconf 93' lang='lat' dir='ltr'>ad</span> <span class='ocrx_word' id='word_1_99' title='bbox 531 2538 792 2643; x_wconf 83' lang='lat' dir='ltr'>judicandum</span> <span class='ocrx_word' id='word_1_100' title='bbox 822 2538 938 2636; x_wconf 89' lang='lat' dir='ltr'>adita,</span> <span class='ocrx_word' id='word_1_101' title='bbox 973 2548 1011 2618; x_wconf 90' lang='lat' dir='ltr'>et</span> <span class='ocrx_word' id='word_1_102' title='bbox 1048 2565 1120 2644; x_wconf 87' lang='lat' dir='ltr'>pro</span> <span class='ocrx_word' id='word_1_103' title='bbox 1154 2538 1376 2643; x_wconf 83' lang='lat' dir='ltr'>Tribunali)</span> 
     </span>
     <span class='ocr_line' id='line_1_17' title="bbox 194 2663 1377 2770; baseline 0.003 -29"><span class='ocrx_word' id='word_1_104' title='bbox 194 2663 440 2768; x_wconf 88' lang='lat' dir='ltr'>respondere</span> <span class='ocrx_word' id='word_1_105' title='bbox 468 2663 774 2743; x_wconf 87' lang='lat' dir='ltr'>consuescit-</span> <span class='ocrx_word' id='word_1_106' title='bbox 808 2671 850 2742; x_wconf 91' lang='lat' dir='ltr'>ut</span> <span class='ocrx_word' id='word_1_107' title='bbox 891 2663 1128 2769; x_wconf 74' lang='lat' dir='ltr'>Superiores</span> <span class='ocrx_word' id='word_1_108' title='bbox 1170 2664 1377 2770; x_wconf 84' lang='lat' dir='ltr'>utriusque</span> 
     </span>
     <span class='ocr_line' id='line_1_18' title="bbox 194 2788 1375 2892; baseline 0.002 -25"><span class='ocrx_word' id='word_1_109' title='bbox 194 2788 348 2868; x_wconf 78' lang='lat' dir='ltr'>ordinis</span> <span class='ocrx_word' id='word_1_110' title='bbox 381 2789 430 2868; x_wconf 89' lang='lat' dir='ltr'>de</span> <span class='ocrx_word' id='word_1_111' title='bbox 466 2788 732 2892; x_wconf 84' lang='lat' dir='ltr'>intelligentia,</span> <span class='ocrx_word' id='word_1_112' title='bbox 776 2797 814 2868; x_wconf 89' lang='lat' dir='ltr'>et</span> <span class='ocrx_word' id='word_1_113' title='bbox 856 2816 1059 2869; x_wconf 87' lang='lat' dir='ltr'>consensu</span> <span class='ocrx_word' id='word_1_114' title='bbox 1100 2789 1375 2870; x_wconf 83' lang='lat' dir='ltr'>adsistentium</span> 
     </span>
     <span class='ocr_line' id='line_1_19' title="bbox 194 2913 1066 3020; baseline -0.002 -26"><span class='ocrx_word' id='word_1_115' title='bbox 194 2913 465 3011; x_wconf 89' lang='lat' dir='ltr'>Generalium‚</span> <span class='ocrx_word' id='word_1_116' title='bbox 494 2941 582 2992; x_wconf 91' lang='lat' dir='ltr'>rem</span> <span class='ocrx_word' id='word_1_117' title='bbox 610 2913 710 2993; x_wconf 92' lang='lat' dir='ltr'>inter</span> <span class='ocrx_word' id='word_1_118' title='bbox 739 2941 783 2993; x_wconf 88' lang='lat' dir='ltr'>se</span> <span class='ocrx_word' id='word_1_119' title='bbox 811 2921 1066 3020; x_wconf 90' lang='lat' dir='ltr'>componant.</span> 
     </span>
    </p>

    <p class='ocr_par' dir='ltr' id='par_1_5' title="bbox 193 3036 1377 3268">
     <span class='ocr_line' id='line_1_20' title="bbox 276 3036 1377 3142; baseline 0.003 -26"><span class='ocrx_word' id='word_1_120' title='bbox 276 3036 379 3133; x_wconf 88' lang='lat' dir='ltr'>Quid</span> <span class='ocrx_word' id='word_1_121' title='bbox 408 3038 609 3141; x_wconf 90' lang='lat' dir='ltr'>agendum</span> <span class='ocrx_word' id='word_1_122' title='bbox 637 3037 671 3116; x_wconf 93' lang='lat' dir='ltr'>si</span> <span class='ocrx_word' id='word_1_123' title='bbox 708 3036 924 3142; x_wconf 84' lang='lat' dir='ltr'>Regularis</span> <span class='ocrx_word' id='word_1_124' title='bbox 967 3037 1138 3118; x_wconf 88' lang='lat' dir='ltr'>transire</span> <span class='ocrx_word' id='word_1_125' title='bbox 1178 3039 1377 3119; x_wconf 89' lang='lat' dir='ltr'>desiderat</span> 
     </span>
     <span class='ocr_line' id='line_1_21' title="bbox 193 3161 922 3268; baseline -0.001 -27"><span class='ocrx_word' id='word_1_126' title='bbox 193 3162 248 3241; x_wconf 92' lang='lat' dir='ltr'>ad</span> <span class='ocrx_word' id='word_1_127' title='bbox 275 3161 530 3265; x_wconf 83' lang='lat' dir='ltr'>Religionem</span> <span class='ocrx_word' id='word_1_128' title='bbox 559 3188 683 3268; x_wconf 79' lang='lat' dir='ltr'>neque</span> <span class='ocrx_word' id='word_1_129' title='bbox 710 3163 922 3240; x_wconf 74' lang='lat' dir='ltr'>strictum?</span> 
     </span>
    </p>

    <p class='ocr_par' dir='ltr' id='par_1_6' title="bbox 191 3285 1376 3769">
     <span class='ocr_line' id='line_1_22' title="bbox 277 3285 1376 3394; baseline 0.003 -29"><span class='ocrx_word' id='word_1_130' title='bbox 277 3289 388 3365; x_wconf 79' lang='lat' dir='ltr'>Tunc</span> <span class='ocrx_word' id='word_1_131' title='bbox 415 3294 476 3365; x_wconf 88' lang='lat' dir='ltr'>est</span> <span class='ocrx_word' id='word_1_132' title='bbox 503 3286 543 3364; x_wconf 92' lang='lat' dir='ltr'>in</span> <span class='ocrx_word' id='word_1_133' title='bbox 572 3285 704 3392; x_wconf 90' lang='lat' dir='ltr'>specie</span> <span class='ocrx_word' id='word_1_134' title='bbox 725 3285 958 3392; x_wconf 88' lang='lat' dir='ltr'>applicanda</span> <span class='ocrx_word' id='word_1_135' title='bbox 974 3288 1164 3385; x_wconf 88' lang='lat' dir='ltr'>doctrina,</span> <span class='ocrx_word' id='word_1_136' title='bbox 1182 3297 1220 3367; x_wconf 90' lang='lat' dir='ltr'>et</span> <span class='ocrx_word' id='word_1_137' title='bbox 1238 3289 1376 3394; x_wconf 84' lang='lat' dir='ltr'>praxis</span> 
     </span>
     <span class='ocr_line' id='line_1_23' title="bbox 192 3411 1374 3517; baseline 0.003 -27"><span class='ocrx_word' id='word_1_138' title='bbox 192 3437 326 3516; x_wconf 86' lang='lat' dir='ltr'>usquc</span> <span class='ocrx_word' id='word_1_139' title='bbox 373 3411 503 3491; x_wconf 92' lang='lat' dir='ltr'>adhuc</span> <span class='ocrx_word' id='word_1_140' title='bbox 550 3413 673 3492; x_wconf 89' lang='lat' dir='ltr'>relata</span> <span class='ocrx_word' id='word_1_141' title='bbox 714 3438 787 3517; x_wconf 91' lang='lat' dir='ltr'>pro</span> <span class='ocrx_word' id='word_1_142' title='bbox 835 3411 1004 3491; x_wconf 85' lang='lat' dir='ltr'>transitu</span> <span class='ocrx_word' id='word_1_143' title='bbox 1050 3413 1099 3492; x_wconf 90' lang='lat' dir='ltr'>ad</span> <span class='ocrx_word' id='word_1_144' title='bbox 1147 3413 1374 3494; x_wconf 89' lang='lat' dir='ltr'>Institutum</span> 
     </span>
     <span class='ocr_line' id='line_1_24' title="bbox 191 3537 1375 3642; baseline 0.001 -27"><span class='ocrx_word' id='word_1_145' title='bbox 191 3538 422 3615; x_wconf 79' lang='lat' dir='ltr'>strictionis</span> <span class='ocrx_word' id='word_1_146' title='bbox 451 3538 741 3632; x_wconf 70' lang='lat' dir='ltr'>observantiae,</span> <span class='ocrx_word' id='word_1_147' title='bbox 772 3563 875 3642; x_wconf 87' lang='lat' dir='ltr'>quae</span> <span class='ocrx_word' id='word_1_148' title='bbox 906 3537 1049 3616; x_wconf 90' lang='lat' dir='ltr'>iterum</span> <span class='ocrx_word' id='word_1_149' title='bbox 1079 3537 1166 3616; x_wconf 88' lang='lat' dir='ltr'>heic</span> <span class='ocrx_word' id='word_1_150' title='bbox 1189 3537 1375 3617; x_wconf 89' lang='lat' dir='ltr'>inutiliter</span> 
     </span>
     <span class='ocr_line' id='line_1_25' title="bbox 193 3662 732 3769; baseline -0.002 -28"><span class='ocrx_word' id='word_1_151' title='bbox 193 3665 236 3741; x_wconf 94' lang='lat' dir='ltr'>in</span> <span class='ocrx_word' id='word_1_152' title='bbox 265 3662 443 3742; x_wconf 90' lang='lat' dir='ltr'>medium</span> <span class='ocrx_word' id='word_1_153' title='bbox 471 3662 732 3769; x_wconf 87' lang='lat' dir='ltr'>proferentur.</span> 
     </span>
    </p>

    <p class='ocr_par' dir='ltr' id='par_1_7' title="bbox 191 3783 1375 4019">
     <span class='ocr_line' id='line_1_26' title="bbox 276 3783 1375 3893; baseline 0 -26"><span class='ocrx_word' id='word_1_154' title='bbox 276 3787 356 3867; x_wconf 88' lang='lat' dir='ltr'>Sed</span> <span class='ocrx_word' id='word_1_155' title='bbox 385 3786 517 3892; x_wconf 89' lang='lat' dir='ltr'>potius</span> <span class='ocrx_word' id='word_1_156' title='bbox 545 3785 839 3866; x_wconf 87' lang='lat' dir='ltr'>descendamus</span> <span class='ocrx_word' id='word_1_157' title='bbox 868 3783 918 3862; x_wconf 93' lang='lat' dir='ltr'>ad</span> <span class='ocrx_word' id='word_1_158' title='bbox 951 3787 1172 3866; x_wconf 88' lang='lat' dir='ltr'>secundam</span> <span class='ocrx_word' id='word_1_159' title='bbox 1201 3814 1253 3866; x_wconf 81' lang='lat' dir='ltr'>ex</span> <span class='ocrx_word' id='word_1_160' title='bbox 1285 3813 1375 3893; x_wconf 80' lang='lat' dir='ltr'>pro</span> 
     </span>
     <span class='ocr_line' id='line_1_27' title="bbox 191 3910 708 4019; baseline -0.004 -28"><span class='ocrx_word' id='word_1_161' title='bbox 191 3911 335 4019; x_wconf 87' lang='lat' dir='ltr'>positis</span> <span class='ocrx_word' id='word_1_162' title='bbox 363 3910 708 4018; x_wconf 78' lang='lat' dir='ltr'>disputationibus,</span> 
     </span>
    </p>
   </div>
   <div class='ocr_carea' id='block_1_3' title="bbox 0 0 1780 5434">
    <p class='ocr_par' dir='ltr' id='par_1_8' title="bbox 0 0 1780 5434">
     <span class='ocr_line' id='line_1_28' title="bbox 0 0 1780 5434; baseline 0 1"><span class='ocrx_word' id='word_1_163' title='bbox 0 0 1780 5434; x_wconf 95' lang='lat' dir='ltr'> </span> 
     </span>
    </p>
   </div>
  </div>
 </body>
</html>
