3550 5434
906 511 1068 566 -118-

402 717 422 765 «
452 689 755 770 confirmatione
784 697 946 771 actuum
974 689 1157 771 omnium
1193 689 1270 770 hoc
1307 699 1486 795 tempore
1524 689 1577 768 ab

403 811 594 892 «iisdem
622 813 822 915 initorum,
855 816 1054 922 praefatas
1089 815 1374 915 Professiones
1405 815 1446 895 S.
1476 815 1578 894 Con-

402 967 423 1017 «
451 938 630 1046 gregatio
659 947 774 1019 sanat
803 950 922 1048 atque
959 940 1161 1039 revalidat,
1190 939 1404 1019 demniodo
1433 941 1477 1017 in
1493 939 1579 1018 Re-

402 1091 424 1140 «
453 1062 611 1167 1916515
641 1089 850 1146 consensus
881 1065 1015 1145 adhuc
1039 1072 1264 1173 perseueret
1292 1091 1330 1144 ›>.

478 1189 520 1268 Si
562 1215 658 1268 vero
701 1217 928 1270 consensus
971 1217 1053 1270 non
1094 1197 1334 1297 perseveret,
1378 1197 1472 1269 tune
1514 1187 1575 1268 vel
1617 1263 1620 1267 ,

399 1310 529 1416 agitur
558 1314 606 1393 de
634 1315 884 1420 professione
902 1317 1080 1422 simplici
1110 1315 1263 1394 illicita
1291 1322 1359 1393 aut
1380 1311 1574 1408 inualido,

400 1443 437 1514 61
465 1435 567 1515 illico
601 1437 870 1544 dispensatum
908 1440 962 1519 ita
996 1448 1039 1520 ut
1075 1438 1293 1520 Postulans
1334 1438 1384 1517 ad
1427 1445 1577 1516 statum

400 1586 477 1666 quo
506 1570 600 1640 unte
628 1562 798 1644 liberum
825 1565 970 1645 reverti
998 1564 1138 1644 valeat.

480 1683 555 1764 Vel
585 1713 721 1768 sermo
749 1687 801 1769 sit
827 1689 875 1768 de
905 1688 1162 1768 professione
1190 1685 1363 1766 solemni
1380 1683 1575 1781 inualido,

401 1815 439 1887 et
466 1815 559 1890 tnnc
575 1812 624 1890 ad
640 1838 827 1894 normam
846 1813 1141 1892 Benedictinoe
1161 1861 1212 1873 —
1230 1835 1268 1893 51
1290 1834 1431 1891 aaran
1460 1833 1580 1890 Horu-

401 1957 592 2015 11111115-
619 1946 793 2045 tompore
820 1945 955 2018 tamen
985 1939 1088 2026 utili,
1119 1937 1159 2017 in
1187 1939 1374 2019 Plenaria
1416 1940 1496 2019 Eu.
1540 1945 1581 2017 et

401 2066 494 2146 ΒΗ.
525 2061 794 2142 Cardinalium
821 2063 1140 2167 Congregatione
1182 2064 1395 2144 declaratio
1437 2090 1581 2170 provo

402 2195 535 2284 catur3
564 2187 636 2267 sed
665 2187 698 2266 si
728 2187 818 2265 utile
847 2196 1011 2293 tempus,
1035 2214 1114 2296 pro
1151 2191 1374 2297 respectiou
1401 2189 1581 2297 disputa-

402 2310 510 2388 tione
533 2307 618 2415 jam
647 2306 852 2412 prooessit,
882 2307 1171 2388 restitutionem
1200 2308 1239 2386 in
1272 2309 1474 2414 integrum
1508 2307 1581 2387 im·

401 2432 560 2539 plorare
589 2457 830 2510 concessum
859 2439 930 2511 651.

474 2557 560 2641 Sed
588 2556 713 2663 inquit
740 2557 839 2636 Pius
867 2558 980 2662 Papa
1008 2558 1078 2636 lX.
1113 2587 1133 2635 «
1148 2558 1368 2663 Professus
1396 2568 1581 2639 notorum

399 2683 644 2790 simplicium
675 2706 927 2787 permanere·
946 2681 1062 2762 debet
1089 2709 1161 2790 per
1204 2683 1445 2763 Triennium
1480 2683 1582 2762 inte-

402 2833 522 2912 grum
569 2813 658 2884 ante
708 2806 1009 2886 professionem
1059 2807 1292 2887 Solemnem.
1357 2816 1408 2867 4-
1471 2808 1601 2904 Hine,

403 2930 625 3038 quaeritur:
667 2929 770 3025 Quid
806 2932 1007 3034 agendum
1049 2931 1083 3010 si
1126 2933 1175 3012 ad
1222 2932 1397 3011 Ordines
1436 2959 1581 3013 sacros

401 3079 569 3136 Inurum
597 3053 813 3132 Postulans
842 3055 1060 3135 ascendere
1088 3057 1311 3137 desiderat?

481 3178 548 3258 Ad
575 3179 791 3257 Summum
818 3179 1057 3258 Pontificem
1084 3189 1144 3259 est
1172 3181 1490 3280 Recurrendum,
1511 3181 1581 3286 qui

402 3349 454 3362 -
482 3302 693 3382 dummodo
723 3305 767 3380 in
795 3329 838 3382 eo
868 3312 1026 3383 coetero
1042 3307 1180 3385 cronio
1200 3308 1396 3412 requisito
1415 3332 1581 3385 conccu-

403 3434 499 3505 rcmt
528 3472 579 3484 -
607 3453 679 3531 per
706 3426 838 3506 docem
857 3437 894 3507 et
913 3436 1001 3508 octo
1021 3455 1183 3508 menses
1202 3431 1406 3536 dispensat
1426 3477 1477 3490 -
1499 3460 1519 3507 «
1535 3439 1581 3510 111

408 3581 427 3628 «
457 3551 507 3630 ad
535 3551 710 3656 majores
745 3553 929 3649 Ordines,
968 3553 1054 3660 ipse
1088 3565 1178 3635 ante
1214 3555 1439 3635 solemnem
1480 3557 1581 3635 Pro-

406 3705 427 3752 «
456 3675 673 3755 fessionem
700 3675 801 3757 licite
829 3678 1059 3783 promoveri
1078 3679 1216 3784 possit,
1237 3682 1405 3759 servatis
1442 3687 1580 3760 tamen

406 3831 426 3877 «
456 3799 624 3879 decretis
652 3802 692 3881 S.
723 3801 887 3881 Consilii
916 3803 1091 3882 Trident.
1120 3803 1230 3884 Sess.
1259 3804 1407 3883 XXlll.
1429 3805 1580 3885 116116-

406 3957 426 4002 «
456 3926 705 4023 formatione,
736 3925 904 4034 aliisque
932 3926 1100 4006 servatis
1129 3928 1178 4007 de
1201 3929 1289 4034 jure
1309 3929 1518 4009 servandis
1538 3957 1575 4008 1.

482 4048 634 4146 Dicitur
663 4096 714 4108 -
742 4049 956 4129 dmnmodo
999 4053 1043 4129 in
1079 4078 1123 4131 eo
1154 4061 1314 4132 coetera
1346 4054 1486 4133 omnio
1514 4081 1577 4132 re-

403 4175 557 4279 quisita
586 4181 832 4253 concurrunt
862 4221 912 4233 --
940 4176 1126 4283 Namque
1154 4203 1205 4256 ex
1224 4179 1412 4258 Decreto:
1427 4178 1578 4256 Auctis

403 4296 635 4376 Admodum
664 4299 689 4376 4
717 4297 915 4377 Νο161111).
947 4299 1063 4380 1892.
1097 4300 1266 4380 eruitur:
1287 4302 1493 4407 professos
1526 4301 1578 4380 ad

401 4424 550 4500 Sacros
580 4420 751 4501 Ordines
780 4422 931 4502 admitti
959 4451 1041 4502 non
1078 4451 1200 4530 posse
1230 4473 1280 4484 —
1312 4457 1332 4504 «
1362 4426 1395 4506 si
1434 4425 1577 4508 saltem
