3550 5434
883 551 1045 606 -132-

453 729 495 810 si
528 727 701 835 primum
738 734 891 809 eertum
933 738 994 810 est
1026 731 1166 835 ¹legem
1207 731 1256 810 de
1299 731 1552 839 Paupertate

375 855 536 936 ordines
562 852 820 934 Possidentes
848 881 930 934 non
959 855 1127 935 afficere.
1151 854 1355 962 Siquidem
1374 855 1552 936 fidelium

375 979 607 1075 oblationes
628 1004 675 1056 ac
689 978 944 1084 potissimum
960 978 1072 1085 ipsae
1090 979 1386 1060 Monaohorum
1405 1006 1553 1061 manus

375 1103 545 1212 antiquis
574 1102 785 1184 Monaohis
804 1103 952 1184 vietum
966 1103 1281 1210 suppeditabant.
1303 1105 1552 1210 Temporum

374 1255 604 1337 progressu,
635 1228 901 1308 annuentibus
933 1229 1257 1335 ImperatoribuS,
1298 1230 1401 1309 bona
1429 1229 1551 1309 etiam

372 1353 598 1433 immobilia
630 1353 887 1432 Monasteriis
916 1379 1110 1434 concessa
1133 1354 1263 1451 luere,
1292 1352 1551 1434 nihilominus

373 1477 542 1560 Saeculo
570 1477 677 1556 XIII.
708 1502 850 1562 omnes
870 1477 1032 1557 ordines
1047 1487 1252 1584 tamquam
1266 1477 1551 1591 Mondioantos

374 1599 588 1708 adprobari
617 1600 878 1705 postularunt,
918 1611 955 1680 et
987 1628 1067 1708 qua
1105 1600 1203 1681 tales
1231 1601 1438 1708 adprobati
1473 1603 1551 1681 fue

363 1736 478 1832 ¹runt.
506 1729 607 1806 Post
622 1725 755 1804 varios
774 1751 895 1806 ausus
909 1725 1141 1806 Tridentina
1155 1727 1344 1832 Synodus
1359 1728 1469 1807 Sess.
1481 1728 1548 1808 25.

375 1855 424 1934 de
451 1850 596 1955 Regul.
635 1851 728 1957 Cap.
763 1851 800 1931 3.
845 1850 1032 1931 sancivit:
1079 1880 1099 1927 u
1136 1858 1179 1930 ut
1216 1851 1374 1930 cuilibet
1411 1853 1551 1931 Mona-

379 2009 400 2057 «
428 1975 547 2060 sterio
578 1976 681 2055 bona
709 1972 832 2054 etiam
860 1973 1079 2054 immobilia
1120 1974 1239 2054 licoat
1274 1976 1483 2083 possidere
1511 1979 1552 2053 in

380 2135 400 2182 a
430 2103 635 2200 communi,
666 2102 846 2208 eaaeptis
874 2103 1062 2182 nomios
1081 2103 1153 2181 Fa.
1173 2103 1378 2184 MINORUM
1401 2103 1551 2182 Osann-

378 2256 399 2303 «
427 2247 613 2318 nnuman,
633 2247 684 2302 m
704 2224 1002 2306 Caeoomoauu
1031 2252 1066 2303 ».

454 2353 565 2455 Ergo
593 2349 711 2429 hodie
738 2347 946 2429 indubium
983 2360 1044 2429 est
1077 2349 1161 2429 dari
1203 2349 1377 2432 Ordines
1419 2351 1552 2456 possi-

376 2477 525 2574 dentes
555 2501 658 2582 quos
686 2473 914 2582 hujusmodi
942 2477 1165 2580 Paupertas
1182 2477 1240 2555 ati
1262 2473 1442 2574 Ordines,
1469 2501 1551 2554 non

375 2600 504 2679 afficit.
536 2647 587 2658 -
620 2597 791 2678 Ordines
819 2625 911 2678 aero
939 2598 1219 2694 mendicantm,
1260 2600 1320 2677 uti
1366 2597 1549 2696 Ordines,

380 2727 483 2806 Voto
510 2726 776 2832 Paupertatis
804 2723 1081 2829 subijeiuntur.

456 2853 532 2929 Ast
558 2851 692 2930 locum
721 2848 890 2928 habetne
919 2847 1018 2927 haec
1046 2847 1242 2927 distinctio
1276 2873 1349 2953 pro
1365 2852 1550 2955 personis

375 2974 568 3080 rolipiost's
596 2983 680 3054 tum
707 2973 826 3053 unius
854 2972 1033 3069 Instituti‚
1063 2979 1148 3052 tum
1176 2972 1337 3052 alterius
1358 2973 1551 3055 Ordinis?

374 3097 585 3204 Nogyatioo.

455 3223 570 3319 Quod
599 3229 659 3300 est
686 3220 923 3300 notandum:
953 3220 1004 3300 ita
1020 3229 1062 3300 ut
1084 3222 1277 3326 Relipiosi
1288 3224 1372 3302 sive
1389 3221 1549 3304 Ordinis

375 3347 678 3444 Possi'clontiom,
718 3344 802 3423 sive
838 3329 1168 3436 Mendicantium,
1214 3356 1420 3427 teneantur
1461 3356 1548 3426 uoto

375 3472 651 3579 Paupertatis,
682 3467 986 3568 indioiclaalitor,
1002 3479 1044 3550 ut
1063 3471 1115 3549 ita
1134 3471 1276 3570 dicam,
1296 3471 1546 3552 considerati.

455 3599 519 3676 Ex
547 3593 622 3672 baa
650 3619 745 3672 varo
775 3593 955 3673 doctrina
988 3595 1160 3700 plurima
1197 3595 1444 3675 descendunt
1486 3622 1549 3674 co-

377 3719 558 3817 rollaria,
588 3745 689 3824 quae
720 3717 757 3795 in
786 3718 936 3796 nostris
968 3719 1323 3825 disquisitionibus,
1353 3721 1444 3800 etin
1463 3746 1548 3825 spe-

376 3843 513 3925 ciebus
541 3841 811 3946 singularibus
831 3843 994 3923 inferius
1015 3844 1365 3949 pertractabimus;
1386 3846 1486 3926 adeo
1507 3855 1549 3925 ut
1584 3855 1589 3872 ’

376 3968 484 4075 quod
512 3969 561 4047 de
589 3967 791 4072 Relipioso
825 3966 989 4046 Omlim'a
1016 3968 1272 4048 Possidentis
1292 3969 1474 4069 dicimus,
1494 3971 1549 4048 in-

377 4091 570 4196 telligatur
599 4117 757 4197 quoque
772 4090 932 4190 dietum,
954 4093 1002 4171 de
1021 4093 1230 4198 Relipioso
1254 4091 1417 4174 Ordinis
1435 4095 1549 4174 Men-

377 4217 609 4296 (litantium.

456 4340 532 4419 His
561 4339 711 4445 positis,
742 4341 1018 4446 quaestionem
1046 4368 1127 4421 non
1157 4342 1324 4441 facilem,
1355 4369 1437 4421 non
1465 4344 1548 4450 pla-

378 4491 484 4564 nam,
514 4491 643 4570 neque
671 4466 925 4570 peregrinam
955 4466 1221 4570 aggredimur.
