3550 5434
753 501 913 556 -199—

234 681 374 761 officio
403 681 644 761 constituere
671 679 839 759 debebit.
870 683 970 760 Post
997 681 1097 760 haec
1130 681 1286 760 ludices
1325 709 1421 761 sen-

233 806 402 886 tentium
432 802 679 910 expulsionis
708 811 776 881 eut
804 803 1052 883 dimissionis
1080 803 1309 900 emittente
1340 831 1420 910 que

235 934 533 1013 condemnatus
548 935 677 1037 potest
705 927 918 1034 appellere.

321 1056 390 1135 Act
429 1057 604 1134 tertiam.
649 1040 737 1134 Ast
772 1053 892 1133 hodie
933 1053 1164 1160 supradicte
1203 1053 1419 1133 methodus

160 1169 166 1180 ⁴
234 1182 479 1289 procedendi
507 1179 664 1260 difficile
693 1180 844 1260 servari
873 1187 1024 1286 potest:
1053 1188 1149 1260 tuno
1177 1180 1228 1260 ἃᾶ
1248 1182 1288 1260 S.
1311 1183 1417 1262 Con-

237 1305 517 1411 gregntionem
559 1313 619 1385 est
646 1305 939 1385 recurrendum
974 1304 1024 1385 ἃᾶ
1062 1304 1319 1386 obtinendem
1362 1305 1415 1385 di·

240 1431 542 1539 spensationem
571 1457 593 1510 e
614 1430 890 1538 praescriptis
921 1431 1244 1510 solemnitatibus
1257 1456 1274 1523 ;
1302 1439 1340 1510 et
1368 1433 1420 1508 l·

235 1558 426 1637 cultatem
455 1556 695 1663 procedendi
723 1582 818 1635 curn
848 1556 1051 1636 Processu
1078 1559 1322 1652 summario,
1345 1582 1419 1635 seu

240 1683 465 1762 Camerali.
658 1670 662 1674 i

320 1807 360 1885 S.
392 1803 659 1908 Congregetio
679 1803 923 1910 «perpensis
943 1802 990 1882 iis
1011 1829 1114 1908 quoe
1144 1802 1192 1882 de
1211 1803 1417 1908 Religioso

239 1962 260 2006 a
293 1930 342 2012 N.
372 1930 603 2010 solemniter
630 1930 813 2035 professo
842 1929 882 2007 in
912 1929 1050 2008 ordine
1079 1930 1125 2008 B.
1155 1939 1415 2010 asseruntur:

237 2087 259 2130 «
292 2053 588 2133 difficultatibus
617 2053 736 2134 etium
766 2060 1005 2158 temporum,
1036 2053 1182 2158 quibus
1211 2053 1348 2134 omniu
1380 2062 1418 2134 et

238 2218 258 2252 u
292 2177 461 2281 singulo,
492 2204 596 2284 quee
624 2205 648 2257 e
676 2176 1033 2258 Constitutionibus
1063 2177 1308 2282 Apostolicis
1350 2205 1417 2258 ex-

240 2336 261 2379 ι(
294 2302 466 2409 pulsioni
497 2303 847 2407 incorrepibilinrn
867 2301 1173 2410 praemittenda
1210 2303 1417 2407 requirun-

239 2459 260 2504 ι(
293 2438 368 2527 tur,
376 2426 628 2508 adamussim
642 2437 839 2533 nequeunt
855 2429 1076 2520 obseruari,
1093 2426 1264 2530 benigne
1279 2427 1416 2508 tribuit

237 2583 259 2629 «
293 2551 497 2633 facultates
526 2551 777 2632 necessarius
806 2559 843 2630 et
871 2558 1119 2657 opportunos
1148 2553 1194 2630 P.
1216 2552 1413 2652 Genereli

236 2709 257 2752 ι(
292 2676 457 2783 ejusque
485 2676 721 2772 definitorio‚
755 2686 795 2755 ut
822 2676 979 2780 cognite
1009 2702 1079 2782 per
1095 2674 1261 2754 idoneos
1281 2683 1414 2774 testes

235 2837 257 2878 (ι
278 2829 338 2881 eo
357 2802 434 2881 lide
453 2802 609 2905 dignos,
630 2801 833 2907 pravitate,
850 2810 888 2880 et
903 2799 1169 2904 incorregibili
1191 2800 1412 2906 pervicacia

237 2959 257 3002 «
291 2925 477 3034 praedicti
506 2925 719 3030 Religiosi:
749 2935 868 3032 etque
897 2925 1029 3005 audite
1057 2951 1129 3030 per
1161 2925 1415 3029 Religiosurn

237 3087 260 3131 ι(
292 3050 435 3151 virum,
464 3050 585 3131 etiem
614 3077 665 3130 ex
693 3050 827 3129 officio
856 3049 1148 3151 deputandum,
1177 3050 1251 3129 Rei
1282 3050 1415 3129 defen-

236 3209 258 3254 «
289 3177 414 3273 sione,
444 3203 533 3255 eum
561 3175 612 3254 ἃᾶ
640 3175 815 3254 formem
844 3176 916 3254 SS.
959 3177 1185 3271 Cononem,
1229 3173 1416 3253 solemni-

236 3333 258 3379 «
290 3301 434 3381 tutibus
463 3299 638 3395 omissis
671 3299 945 3379 sanctionibus
974 3307 1107 3378 eutem
1137 3298 1280 3378 decret.
1302 3325 1334 3378 s,
1358 3325 1412 3379 m.

234 3457 256 3504 a
288 3425 443 3508 Urbani
484 3425 621 3530 Pupee
665 3424 753 3503 Vlll
783 3425 822 3503 in
851 3451 928 3502 suo
971 3424 1115 3502 robore
1160 3423 1414 3504 monentibus

235 3582 257 3629 «
289 3551 470 3655 (excepto
499 3550 675 3651 caluere)
706 3547 756 3628 ab
776 3548 916 3627 ordine
935 3547 1075 3654 ejicere
1095 3547 1268 3627 vuleent:
1290 3548 1412 3628 letum

232 3709 255 3756 a
288 3677 428 3756 deinde
456 3673 706 3781 expulsionis
726 3673 965 3753 sententium
987 3671 1215 3752 Ordinario
1236 3675 1414 3778 oripinis

232 3835 254 3879 a
287 3801 413 3908 ipsius
442 3809 479 3881 et
506 3800 636 3881 eidem
678 3799 958 3895 condemnate,
997 3796 1099 3876 illico
1143 3796 1410 3878 notificent».

313 3930 458 4031 Aque,
487 3925 572 4030 ipse
601 3925 633 4004 si
664 3923 766 4022 velit,
787 3923 1038 4003 introducent
1076 3922 1174 4019 elios,
1201 3948 1225 4000 e
1254 3922 1413 4002 notitiae

227 4053 350 4150 tione,
379 4049 579 4157 appellere
608 4056 738 4154 potest
767 4049 818 4129 ud
860 4050 902 4128 S.
938 4047 1302 4151 Congregetionern
1329 4052 1413 4125 -ct

226 4176 498 4283 appellatione
545 4173 801 4280 perdurante
845 4176 1066 4252 sententiae
1129 4173 1292 4276 effectus
1347 4198 1413 4251 stt-

225 4301 364 4407 spensi
390 4307 551 4376 mactent
570 4339 586 4350 -
604 4298 683 4404 qui,
705 4296 858 4403 prolato
879 4296 1080 4376 definitivo
1105 4294 1267 4402 judicie,
1285 4321 1409 4374 suurn

224 4423 367 4520 robur,
397 4421 490 4521 vim,
521 4430 557 4501 et
585 4421 864 4502 executionem
894 4419 1115 4527 acquirunt.
