3550 5434
928 504 1089 560 -190-

497 687 659 768 Interim
678 690 763 767 Leo
794 686 871 765 XII
892 685 1002 766 diem
1032 707 1270 789 supremum
1300 677 1413 777 obiit,
1433 679 1601 786 eiusque

418 815 638 893 Successor
666 811 766 890 Pius
795 811 909 916 Papa
937 809 1030 888 VIII
1059 806 1122 888 die
1149 805 1200 884 26
1243 805 1350 886 Iunii
1381 803 1496 883 1829.
1535 831 1599 884 se-

418 963 546 1042 quens
575 936 703 1016 dubiis
733 959 977 1040 responsum
1006 931 1122 1016 dedit.

497 1061 571 1166 Act
590 1062 773 1168 primurn
800 1105 850 1117 -
879 1061 940 1139 De
969 1053 1203 1163 hujusmodi
1232 1049 1471 1133 haereditate
1499 1050 1601 1159 judi-

417 1187 591 1266 candum
620 1211 710 1263 esse
736 1184 848 1262 iuxta
877 1181 1157 1288 dispositiones
1186 1177 1295 1260 Iuris
1332 1175 1599 1258 Ecclesiastioi

419 1309 659 1407 communis,
689 1307 837 1414 scilicet
865 1335 957 1386 eum
985 1315 1166 1413 spectare
1195 1304 1252 1382 ud
1270 1303 1491 1410 propriam
1531 1301 1600 1380 de-

414 1435 552 1538 functi
579 1434 844 1536 Retipionem.

499 1559 573 1636 Ad
597 1556 815 1636 secundum
857 1603 909 1616 —
952 1555 996 1635 Si
1039 1554 1282 1657 Religiosus,
1325 1554 1374 1633 de
1416 1577 1496 1656 quo
1539 1561 1601 1631 est

419 1710 566 1780 serm0,
590 1691 815 1790 perpetuae
856 1680 1254 1760 Saecularisationis
1296 1678 1476 1758 absoluto
1517 1701 1600 1756 non

415 1809 637 1912 fruebatur
666 1806 832 1905 indulte,
853 1805 909 1885 uti
929 1805 968 1884 in
990 1803 1250 1911 praecedenti.

498 1933 541 2013 Si
561 1959 656 2011 vero
672 1932 894 2029 fruebatur,
911 1911 1237 2034 distinguendum
1256 1955 1344 2008 esse
1364 1928 1464 2007 inter
1490 1926 1601 2006 bona

420 2060 469 2137 ab
497 2084 545 2137 eo
564 2057 710 2152 relicta,
737 2054 886 2134 seilicet
903 2056 1023 2151 bona,
1041 2079 1144 2160 quae
1158 2052 1378 2157 Religionis
1394 2059 1518 2147 erant,
1535 2077 1602 2130 se-

419 2207 593 2286 cumque
613 2208 635 2259 e
654 2178 839 2262 Claustro
854 2179 1085 2283 egrediens
1102 2179 1186 2286 ipsc
1206 2177 1398 2278 attulerat,
1416 2176 1476 2256 vel
1492 2175 1524 2255 ei
1541 2185 1603 2254 ut-

419 2331 594 2410 cumque
610 2305 868 2402 obvenerunt,
886 2303 1235 2408 quemadmodum
1255 2311 1292 2381 et
1309 2303 1426 2399 bona,
1444 2301 1601 2406 siquae

421 2430 588 2510 habebat
603 2457 655 2508 ex
674 2429 750 2508 illis
771 2428 1044 2535 provenientia
1059 2427 1188 2508 eidem
1202 2426 1400 2531 Religioni
1419 2452 1599 2505 manere.

418 2554 562 2651 Quoad
582 2562 716 2632 autem
731 2560 862 2633 cetera
880 2552 986 2632 bona
1007 2581 1030 2632 a
1049 2551 1115 2632 tali
1134 2551 1339 2656 Religioso
1355 2562 1468 2632 extra
1482 2549 1603 2631 Clau-

418 2687 501 2758 stra
520 2679 640 2777 alitor,
671 2703 795 2782 quam
815 2705 868 2758 ex
886 2677 1003 2756 bonis
1022 2676 1277 2780 Religionem
1298 2675 1600 2783 pertinentibus

420 2801 624 2908 acquisito,
649 2801 913 2908 judicandum
942 2802 991 2880 de
1020 2801 1066 2880 iis
1095 2829 1184 2880 esse
1208 2802 1324 2908 juxta
1348 2798 1603 2880 Constitutio

420 2953 515 3004 nem
542 2925 724 3028 Gregorii
753 2925 856 3005 XIII.
887 2925 1009 3030 officii
1035 2925 1184 3004 Nostri
1203 2932 1275 3004 etc.

499 3048 573 3127 Aa
598 3053 764 3128 tertium
792 3097 841 3108 ·-
871 3049 915 3130 si
944 3049 1075 3129 dictus
1103 3048 1334 3152 Religiosus
1363 3046 1601 3155 Apostolico

421 3172 576 3254 Indulto
604 3174 839 3280 disponendi
868 3175 917 3254 de
945 3174 1074 3272 bonis,
1114 3173 1225 3254 utin
1268 3200 1377 3272 casu,
1422 3173 1601 3277 tepitime

421 3307 613 3397 trauseat,
639 3303 760 3402 tacta
792 3298 984 3378 nimirum
1022 3298 1284 3404 dispositione
1326 3298 1504 3403 undique
1543 3295 1602 3376 Ie—

421 3422 556 3526 gitime
585 3425 819 3503 eorumdem
848 3423 1061 3522 bonorum,
1087 3423 1152 3529 jus
1181 3424 1229 3504 de
1263 3450 1343 3529 quo
1386 3426 1516 3527 agItur
1543 3421 1600 3500 illi

421 3554 660 3653 competere,
691 3548 806 3651 cujus
831 3549 976 3648 fucore
992 3549 1121 3652 sactu
1150 3557 1207 3628 est
1233 3548 1443 3656 dispositio.

502 3671 581 3750 Sed
611 3696 662 3749 ne
699 3680 790 3778 post
827 3671 1059 3778 hujusmodi
1099 3672 1262 3777 quidem
1302 3671 1522 3752 decisiones
1559 3681 1601 3750 et

420 3794 581 3898 regulas
609 3794 731 3874 finem
769 3795 906 3875 habuit
934 3798 1226 3894 controversiu3
1267 3798 1448 3904 quinimo
1478 3823 1601 3902 saepe

421 3919 582 4024 saepius
624 3918 754 3998 denuo
797 3920 943 4024 agitata
986 3920 1075 4001 fuit:
1106 3921 1228 4000 itaut
1266 3923 1306 4001 S.
1337 3923 1484 4026 Congr.
1514 3923 1598 4003 Eu.

421 4051 459 4121 et
478 4042 568 4123 RR.
588 4041 655 4121 litt.
677 4043 848 4122 datis-
869 4070 921 4122 ex
941 4045 1030 4124 aud.
1053 4045 1181 4125 SSmi
1201 4045 1262 4125 die
1283 4047 1331 4125 21
1354 4047 1470 4126 Febr.
1493 4047 1599 4126 1892

421 4213 472 4226 -
501 4167 678 4272 reposuit
706 4166 921 4271 Religiosis
950 4215 1001 4227 —
1031 4177 1084 4268 ut,
1105 4197 1199 4250 oum
1219 4172 1260 4250 S.
1278 4173 1600 4276 Congregatione

421 4290 651 4396 Spoliorum
679 4318 724 4370 se
752 4302 1049 4398 componerent,
1080 4321 1126 4374 ea
1142 4303 1276 4375 tamen
1291 4323 1486 4402 expressa
1506 4324 1602 4377 oon-

422 4414 644 4494 ditione-
675 4417 782 4522 quod
811 4416 1040 4524 hujusmodi
1070 4419 1306 4526 compositio
1335 4421 1482 4502 liberos
1524 4449 1599 4503 eos
