3550 5434
889 495 1051 551 463-

384 701 505 754 sensu
528 671 630 780 juris
662 700 683 751 «
712 672 883 777 benigne
912 671 1118 754 mandevit
1144 672 1260 752 tribui
1296 673 1344 752 P.
1373 674 1560 754 Generali

388 828 408 876 «
436 798 640 878 facultates
669 797 917 878 necessarias
946 807 984 877 et
1022 805 1282 904 opportunae,
1312 803 1356 877 nt
1397 799 1560 904 praevia

386 953 405 1000 «
436 921 682 1002 absolutione
712 923 932 1002 Oratorem
959 969 974 980 -
1003 921 1122 1001 etiem
1169 948 1240 1028 per
1277 921 1561 1028 subdelegan-

386 1079 413 1126 «.
434 1048 532 1128 dum
572 1046 834 1154 impertienda
860 1094 875 1104 -
903 1074 926 1126 a
955 1047 1138 1126 censuris
1181 1053 1218 1126 et
1260 1045 1400 1153 poenis
1437 1047 1560 1129 eccle-

385 1203 405 1248 «
434 1171 614 1266 masticis
645 1172 697 1251 oh
726 1178 859 1278 spreta
879 1170 1146 1278 Superiorum
1179 1171 1368 1252 mandata
1405 1179 1559 1252 utcum-

385 1327 405 1374 «
435 1323 512 1403 que
522 1296 805 1393 contractis3et
815 1295 1110 1401 dispensatione
1121 1322 1241 1402 super
1255 1295 1557 1400 irregularitate,

384 1451 405 1498 «
434 1429 630 1527 quatenus
658 1447 761 1527 opus
790 1421 918 1518 fuerit,
949 1419 1124 1527 injuncta
1151 1421 1247 1526 ipsis
1289 1447 1469 1525 congrua
1497 1449 1559 1502 sa-

384 1576 405 1623 «
432 1545 549 1625 lutari
577 1545 837 1651 poenitentia3
866 1544 1008 1625 iisdem
1037 1544 1263 1624 oratoribus
1292 1572 1364 1652 pro
1393 1573 1468 1626 suo
1498 1574 1558 1626 ar-

385 1670 548 1750 «bitrio
590 1678 629 1750 et
673 1669 883 1777 prudentia
928 1668 1127 1749 licentiam
1169 1672 1387 1751 concedere
1429 1670 1557 1752 valeat

384 1824 404 1872 «
434 1794 620 1874 menendi
665 1802 779 1874 extra
821 1792 995 1874 claustra
1036 1793 1179 1874 tabit«
1220 1796 1405 1898 reputari
1447 1797 1555 1876 illico

385 1947 404 1995 «
434 1918 611 2014 dimisso,
641 1917 838 2026 quamdiu
881 1920 1086 2025 repuleris
1129 1945 1267 1998 corum
1308 1919 1555 1999 Proer'ncice

383 2072 404 2119 «
433 2043 633 2123 hodierna
670 2043 991 2152 perduruoerint
1033 2043 1243 2142 adiuncta,
1272 2051 1309 2122 et
1338 2069 1475 2126 neuun
1500 2044 1559 2124 cd

383 2191 576 2250 «norun
612 2170 653 2249 S.
684 2167 810 2249 Sedis.

420 2320 424 2329 ·
460 2295 511 2373 Et
537 2293 595 2373 sic
623 2291 765 2373 saltem
794 2300 921 2374 tractu
950 2293 1141 2400 temporis
1178 2293 1554 2401 perturbationibus

379 2424 417 2497 et
442 2416 596 2524 injuriis
625 2416 856 2497 consultum
886 2417 969 2497 fuit.

899 2863 935 2966 a
967 2861 1035 2941 ὃν

418 3127 482 3205 De
510 3125 889 3206 Saecularizationc
917 3127 975 3206 ad
999 3155 1152 3209 annum
1179 3137 1216 3209 et
1246 3131 1409 3209 interim
1437 3134 1509 3209 etc.

457 3411 514 3492 Ut
558 3411 649 3518 quis
695 3411 886 3519 consequi
923 3412 1051 3518 possit
1091 3411 1293 3495 Indultum
1333 3414 1552 3496 Saeculari-

379 3532 547 3614 zationis
593 3543 818 3641 perpetuae,
861 3533 1048 3641 precibus
1090 3536 1323 3643 conjunctis,
1362 3537 1550 3618 exhibere

378 3657 494 3739 debet
537 3659 578 3739 S.
609 3658 917 3764 Congregationi
954 3659 1226 3741 testimonium
1269 3663 1549 3769 acceptationis

379 3782 566 3889 Episcopi
593 3783 772 3863 benevoli
793 3783 1022 3891 receptoris;
1043 3792 1079 3863 et
1099 3785 1388 3868 constitutionis
1415 3789 1456 3870 S.
1476 3789 1551 3868 Pa-

378 3905 563 3987 trimonii.

459 4033 544 4112 iam
572 4059 667 4112 vero
696 4032 808 4112 facile
836 4041 942 4112 certe
969 4058 1051 4112 non
1080 4042 1141 4113 est
1169 4063 1290 4115 «num
1310 4045 1347 4117 et
1375 4039 1547 4118 atterum

379 4155 636 4262 apetentibus
646 4156 901 4263 praesentari.
914 4157 1100 4264 Namque
1110 4158 1298 4267 Episcopi
1314 4160 1550 4270 plerumque

376 4279 416 4359 id
443 4288 611 4385 negant:
641 4287 679 4360 et
698 4280 864 4363 {acuitas
883 4281 1144 4363 constituendi
1164 4285 1449 4390 patrimonium
1469 4288 1550 4366 fere

378 4404 418 4484 in
446 4405 635 4486 omnibus
663 4405 803 4486 deficit.
1394 4431 1410 4478 ο
