3550 5434
730 613 755 625 ·
780 583 888 637 215-

216 766 339 873 hujus
366 762 589 868 Religionis
618 790 760 859 onera3
796 763 977 870 ejusdem
1012 763 1297 869 Superioribus
1326 764 1398 844 ob

215 890 417 996 sequium,
448 899 485 969 et
513 888 775 968 reverentiam
804 886 1010 968 exhibeat:
1036 889 1129 995 jura
1149 888 1258 968 alteri
1279 914 1397 994 quae

216 1017 305 1111 sita,
334 1025 414 1094 tam
445 1015 550 1094 eirea
578 1014 909 1120 praecedentiam,
940 1039 1063 1120 quam
1092 1014 1197 1092 eirea
1220 1013 1318 1093 alias
1339 1014 1397 1092 di-

216 1142 399 1246 gnitates,
429 1140 589 1245 gratias,
619 1139 806 1234 honores
835 1145 873 1217 et
901 1138 1105 1245 privilegia
1132 1139 1288 1218 laedere
1323 1139 1396 1217 mi-

216 1267 326 1346 nime
356 1273 597 1371 praesumat.
629 1267 673 1344 ln
702 1263 842 1343 ceteris
871 1289 978 1364 vero,
1001 1273 1126 1370 prout
1146 1263 1239 1368 jam
1271 1264 1397 1370 empli-

216 1392 403 1488 coeimna
433 1389 682 1470 adamussim
711 1415 755 1466 se
784 1395 896 1492 gerat
931 1415 950 1464 «
991 1388 1225 1494 praesertim
1263 1389 1396 1493 quoad

216 1514 327 1594 bona
354 1515 472 1594 etiam
501 1512 732 1611 immobilia,
762 1514 810 1592 de
840 1512 1106 1616 intelligentia
1135 1518 1173 1590 et
1205 1537 1396 1591 consensu

216 1638 483 1746 Superiorum
512 1637 717 1742 utriusque
747 1636 921 1732 Ordinis
951 1635 1209 1744 disponenda.

299 1764 373 1841 Aa
398 1764 593 1842 Tertiam.

741 2117 776 2219 S·
805 2116 875 2193 4:¹⁸

419 2350 482 2429 De
516 2347 833 2427 Transeuntr'bus
862 2345 920 2425 acl
948 2347 1199 2452 Relipionem

603 2525 778 2631 ejusdem
810 2524 1008 2630 Oripr'nia

296 2759 352 2841 Ut
380 2785 523 2838 omnes
552 2757 684 2837 sciunt
703 2758 847 2836 dantur
867 2764 905 2835 et
925 2756 1110 2851 Ordines
1132 2756 1199 2862 qui
1224 2755 1394 2861 Oriffl‘ne

213 2885 496 2978 reniamtraotu
524 2883 716 2988 temporis
745 2882 785 2960 in
813 2881 949 2988 plures
978 2908 1116 2961 ramos
1136 2882 1196 2962 vel
1212 2881 1394 2987 palmites
1482 2984 1485 2989 ¹

214 3015 311 3086 sunt
339 3007 539 3113 dispertiti.
574 3034 635 3085 ex.
677 3033 736 3110 gr.
766 3006 1031 3106 Benedeetini,
1062 3015 1099 3086 et
1140 3004 1394 3086 Benedeetini

213 3133 264 3211 P.
295 3133 342 3212 Ο.
360 3177 411 3190 -
427 3131 712 3211 Cistereienses
741 3139 779 3209 et
806 3131 1089 3212 Cistereienses
1105 3129 1326 3212 Reformati
1343 3175 1393 3188 -·

213 3256 368 3337 Eremit
386 3254 563 3335 Camald.
584 3255 806 3353 Aetruriae‚
825 3283 872 3336 ae
887 3257 1023 3335 Erem.
1041 3257 1191 3336 Montis
1211 3258 1394 3335 Coronae

214 3388 255 3458 et
284 3379 345 3458 alii
374 3379 495 3486 hujus
525 3381 697 3483 generis.

297 3504 415 3582 Nune
435 3504 649 3608 quaeritur,
666 3504 762 3610 quid
782 3504 814 3582 si
834 3503 1068 3608 Religiosus
1088 3501 1391 3600 Benedeotinus

212 3626 909 3726 CisteroiensiS,Eremit.Aetru1²iue
928 3627 1100 3708 transire
1121 3628 1212 3706 velit
1241 3627 1290 3706 ad
1319 3628 1393 3706 Be-

212 3750 445 3829 nedeotinos
477 3753 523 3829 P.
555 3752 615 3848 0.·‚
647 3752 696 3830 ad
725 3752 965 3832 Cistereiens
993 3753 1188 3850 Reform,
1221 3752 1271 3831 ad
1300 3753 1394 3831 Ere·

212 3873 297 3953 mit.
319 3875 470 3953 Montis
491 3876 691 3971 Coronae;
721 3902 899 3981 quanam
928 3875 1082 3956 lieentia
1111 3876 1285 3979 indiget?

296 3997 420 4077 Adire
434 3998 553 4077 etiam
568 3999 681 4077 debet
696 4000 915 4079 Summum
936 4000 1187 4099 Pontificem,
1208 3999 1322 4105 eique
1339 3999 1393 4077 of-

211 4123 318 4202 ferre
345 4148 485 4228 preces
513 4123 562 4202 ab
591 4133 761 4228 utroque
779 4124 994 4230 Superiora
1014 4153 1036 4204 a
1056 4133 1184 4231 quaet
1203 4124 1392 4230 adquam

212 4246 529 4346 commendatae,
574 4256 611 4326 et
652 4247 878 4327 facultatem
922 4249 1111 4328 transitus
1153 4248 1390 4354 implorare:

210 4396 339 4476 quam
366 4371 406 4451 S.
438 4371 705 4475 Congregatio
738 4372 920 4452 coneedit
951 4404 970 4449 a
991 4400 1035 4452 ea
1071 4399 1263 4479 expressa
1291 4372 1389 4477 lege,

214 4525 238 4573 «
268 4501 310 4573 ut
339 4494 532 4599 Superior
560 4522 688 4576 novae
717 4497 864 4576 domus
893 4544 943 4555 -
971 4497 1206 4604 praemissis
1234 4497 1285 4577 ab
1307 4524 1392 4577 ora-
