3550 5434
769 545 912 603 ..57-

253 749 305 803 ex
332 723 429 829 ipsis
457 723 497 802 in
525 723 833 806 Examinatores
853 726 1100 832 deputentur.
1121 727 1430 807 Examinatores

252 847 459 952 generales
488 847 529 928 in
562 848 694 928 officio
731 850 938 956 usquead
977 851 1156 930 futurum
1190 851 1428 956 Capitulum,

250 975 447 1074 Diaetam,
456 974 517 1055 vel
528 976 889 1079 Congregationem
900 975 1130 1080 generalem
1142 976 1429 1083 perdurabunt.

250 1099 442 1205 Superior
461 1099 667 1180 Generalis
683 1099 755 1179 erit
768 1125 934 1205 praeses
948 1126 1042 1179 cum
1061 1100 1258 1204 suffragio
1278 1105 1318 1180 in
1339 1127 1431 1179 con-

250 1223 339 1304 silio
357 1223 707 1321 Examinatorum;
728 1233 765 1303 et
784 1225 1028 1304 Procurator
1042 1223 1242 1328 generalis
1256 1225 1430 1306 utiExa-

249 1349 424 1428 minator
451 1357 570 1429 natus
597 1356 753 1454 praeter
780 1348 928 1430 electos
956 1348 1168 1429 habendus
1196 1349 1282 1429 erit.

331 1479 416 1554 Art.
447 1475 534 1553 Vll.
563 1473 873 1554 Examinatores
902 1473 1120 1554 Generales
1152 1473 1192 1552 in
1221 1473 1429 1554 intervallo

251 1599 356 1704 quod
386 1597 600 1678 intercedet
628 1626 651 1678 a
680 1600 772 1678 data
799 1598 920 1704 hujus
948 1599 1093 1679 decreti
1126 1625 1257 1705 usque
1286 1599 1337 1679 ad
1367 1626 1431 1679 oe·

250 1722 512 1803 lebrationem
531 1723 703 1828 proximi
724 1722 903 1828 Capituli,
925 1723 1100 1822 Diaetae,
1121 1723 1185 1803 vel
1205 1725 1430 1828 Congrege-

250 1847 369 1927 tionis
389 1847 586 1951 generalis
612 1849 808 1952 eligantur
826 1875 899 1955 per
926 1856 1082 1928 secreta
1111 1848 1304 1952 suffragia
1324 1875 1347 1928 a
1366 1875 1430 1927 su-

249 1970 407 2078 periore
435 1971 609 2076 generali
637 1997 717 2050 una
755 1997 849 2052 cum
878 1970 1022 2050 saltem
1054 1969 1184 2050 tribus
1212 1971 1429 2076 Religiosis

252 2096 455 2202 gradualis
471 2121 543 2176 seu
558 2095 810 2200 gravioribus
830 2095 994 2176 Ordinis
1014 2095 1224 2176 abeodem
1245 2096 1430 2178 Generali

249 2222 465 2328 Superiora
484 2221 731 2328 deputandis
752 2228 791 2301 et
808 2221 1018 2325 diligendis
1050 2248 1101 2301 ex
1129 2221 1428 2320 Definitoribus

250 2346 549 2445 visitatoribus,
583 2345 889 2442 Assistentibus,
930 2346 991 2424 vel
1028 2345 1334 2426 Consultoribus
1367 2372 1431 2451 ge-

251 2469 456 2550 neralibus
484 2469 518 2550 si
548 2469 691 2550 adsint.

333 2599 420 2674 Art.
449 2595 552 2677 Vlll.
582 2595 622 2676 Si
644 2603 785 2700 agatur
813 2596 861 2675 de
882 2596 1073 2695 Instituta,
1094 2598 1203 2703 quod
1220 2597 1430 2676 constitua·

250 2728 318 2799 tur
335 2747 386 2800 ex
404 2720 537 2828 aliquo
556 2730 709 2800 tantum
725 2733 909 2826 separato
928 2720 1188 2817 Monasterio,
1209 2723 1429 2820 Conventu,

251 2846 399 2944 Dom0,
437 2871 512 2924 nec
546 2845 587 2923 in
627 2845 981 2949 congregationem
1020 2853 1164 2943 erecto,
1199 2853 1238 2925 et
1274 2853 1430 2951 praeter

250 2968 434 3069 localem,
451 2968 551 3048 alius
570 2969 699 3075 major
716 2958 907 3075 Superior
921 2994 1004 3049 non
1017 2967 1224 3067 habeatur,
1238 2969 1430 3075 Superior

248 3092 389 3174 localis
408 3093 592 3200 probum,
623 3100 661 3173 et
688 3093 877 3173 idoneum
906 3093 1064 3200 deputet
1094 3092 1359 3197 Religiosum,
1388 3104 1431 3174 ut

248 3219 428 3324 primum
464 3218 712 3317 scrutinium,
747 3217 796 3297 de
832 3245 913 3324 quo
956 3219 996 3298 in
1035 3223 1121 3298 Art.
1162 3221 1214 3298 lll
1252 3219 1431 3325 perficiat

247 3369 344 3422 cum
385 3342 739 3424 Examinatoribus
777 3341 912 3421 electis
938 3343 1054 3449 juxta
1089 3350 1159 3421 art.
1189 3342 1245 3439 V;
1279 3352 1317 3421 et
1344 3342 1430 3449 ipse

247 3467 443 3572 Superior
451 3466 588 3548 localis
603 3495 697 3548 eum
712 3467 759 3546 iis
770 3466 1062 3573 Capitularibus
1072 3466 1253 3572 ejusdem
1266 3467 1426 3567 domne,

250 3591 322 3698 qui
349 3591 484 3671 locum
503 3592 543 3671 in
562 3591 703 3672 eodem
723 3591 853 3698 primo
874 3593 1064 3672 scrutinio
1083 3616 1165 3669 non
1192 3590 1427 3690 habuerunt,

251 3717 478 3796 secundum
519 3716 754 3798 scrutinium
791 3717 831 3795 in
873 3725 944 3797 art.
978 3717 1031 3797 X.
1070 3701 1428 3822 praescribendum

251 3851 484 3950 exequetur.

219 3991 232 4008 ·
332 3971 420 4048 Art.
450 3967 519 4048 IX.
549 3966 665 4063 Quod
693 3992 789 4045 vero
819 3966 954 4045 attinet
965 3966 1023 4044 ‘ad
1052 3966 1237 4064 Ordines,
1259 3975 1294 4044 et
1313 3964 1430 4044 Insti-

247 4099 347 4188 tuta,
377 4092 594 4200 quaelicet
628 4091 669 4170 in
708 4091 1083 4195 Congregationem‚
1113 4099 1152 4170 et
1189 4091 1427 4172 Societatem

247 4227 383 4298 erecta
410 4216 498 4314 sint,
538 4223 672 4296 tamen
699 4216 740 4295 in
767 4216 816 4295 iis
845 4214 1035 4322 Capitula,
1056 4216 1233 4314 Diaetae,
1257 4226 1294 4294 et
1322 4215 1429 4294 Con-

246 4341 505 4448 gregationes
533 4342 740 4445 generales
768 4340 831 4420 vel
859 4365 940 4420 non
969 4341 1231 4439 celebrantur,
1255 4339 1314 4418 rel
1334 4367 1428 4420 raro

244 4474 534 4567 convocantur,
556 4466 595 4545 in
615 4465 758 4547 iisdem
778 4464 1009 4561 Ordinibus,
1032 4473 1069 4544 et
1088 4465 1277 4546 Institutis
1297 4475 1429 4546 aucto-
