3550 5434
903 546 1062 602 -103-

394 751 569 831 namque
588 727 708 830 justo
736 751 782 802 ac
811 725 994 829 lepitana
1021 752 1145 804 causa
1174 750 1256 803 non
1278 724 1430 804 confert
1448 723 1574 828 Supe-

393 849 565 928 rioribus
594 849 718 929 ullam
747 849 786 928 in
815 876 858 928 re
894 851 1187 945 auctoritatem3
1226 849 1298 928 sed
1334 857 1486 930 tantum
1516 847 1575 924 in-

393 974 498 1054 ducit
539 975 577 1054 S.
613 972 974 1078 Congregationem
1003 974 1053 1053 ad
1095 974 1419 1082 dispensandum,
1462 973 1572 1080 quod

392 1109 497 1178 certe
526 1125 607 1178 non
636 1098 867 1202 indulgeret,
885 1098 920 1177 si
953 1125 1079 1178 causa
1098 1100 1314 1205 iffepftirnu.
1329 1109 1398 1179 aut
1414 1099 1573 1202 injusta

394 1232 511 1302 esset.

473 1353 724 1454 Quapropter
751 1348 988 1455 Superiores
1007 1375 1089 1428 non
1109 1348 1225 1454 pauci
1248 1395 1262 1407 ·
1285 1348 1347 1428 vel
1372 1356 1496 1426 antea
1518 1348 1573 1426 fa-

394 1474 581 1554 cultatem
610 1483 747 1580 petunt
765 1501 789 1554 a
807 1477 979 1556 Summo
1007 1475 1215 1573 Pontifice‚
1243 1473 1298 1554 uti
1321 1474 1550 1552 notavimus
1559 1499 1570 1569 ;

394 1598 455 1678 rel
484 1609 698 1706 postquam
727 1599 913 1680 redierint
932 1600 1098 1704 junones
1135 1600 1352 1680 Proboodr‘
1380 1627 1404 1678 a
1432 1598 1570 1678 militia

393 1723 661 1802 Sanctionem
680 1723 946 1831 expostulant
964 1733 1001 1803 et
1020 1725 1058 1804 S.
1071 1724 1337 1828 Congregatio
1362 1755 1381 1800 «
1398 1724 1571 1828 henigne

397 1877 416 1923 a
447 1848 584 1927 annuit
612 1874 684 1954 pro
714 1849 832 1954 petita
859 1849 1077 1929 Sanatione
1106 1848 1313 1955 interrupti
1333 1848 1569 1943 Novitiatns,

398 2001 418 2048 a
447 1973 546 2052 adeo
575 1984 617 2052 ut
645 1973 839 2071 Neritius,
860 1973 910 2053 de
938 1999 1018 2080 quo
1047 1974 1189 2077 agitur,
1211 1973 1369 2078 expleto
1389 1971 1571 2052 formalis

398 2126 417 2172 a
447 2096 693 2203 probationis
721 2124 827 2177 anno
855 2145 869 2156 -
897 2124 976 2177 noo
1009 2098 1304 2204 comprehensis
1331 2098 1471 2176 <liebus
1502 2098 1571 2175 afr

280 2271 283 2281 ψ
397 2250 418 2298 r<
446 2223 602 2300 sentiae
627 2269 646 2279 -
673 2221 774 2302 licite
803 2249 850 2302 ac
893 2221 1032 2319 valide,
1076 2222 1244 2301 servatis
1286 2230 1492 2303 coeterum
1520 2220 1571 2300 de

396 2376 417 2423 a
442 2347 531 2454 jure
560 2347 780 2445 servandis,
811 2347 962 2428 admitti
1000 2346 1126 2454 possit
1154 2347 1206 2427 ad
1247 2347 1448 2425 Votorum
1476 2345 1571 2424 sim-

397 2501 417 2550 «
448 2472 609 2577 plicium
638 2472 965 2574 Professionem3
990 2471 1030 2550 in
1059 2471 1171 2577 cujus
1191 2478 1283 2550 actu
1302 2471 1351 2549 de
1370 2468 1570 2575 praesenti

397 2627 416 2674 «
446 2596 598 2677 indulto
618 2625 662 2676 se
692 2597 743 2676 uti
765 2596 865 2677 velle
885 2596 970 2703 ipse
991 2596 1164 2677 declaret
1183 2621 1281 2675 voce
1301 2603 1339 2674 et
1358 2593 1516 2700 scriptis
1532 2621 1568 2672 n.

473 2721 684 2817 Quaeritur
712 2724 748 2803 3.
769 2727 835 2802 An
864 2721 1027 2828 praefati
1048 2721 1194 2800 Noritii
1214 2747 1238 2800 a
1264 2719 1400 2799 militia
1419 2716 1570 2799 reversi

395 2846 496 2925 illico
525 2847 676 2926 admitti
705 2847 859 2953 possint
888 2848 937 2927 ad
966 2846 1300 2926 Professionemf

473 2971 674 3076 Nepotr'cc
701 2997 860 3078 quoqne
879 2999 970 3051 esse
988 2971 1325 3078 respondendum.
1344 3016 1365 3028 -
1381 2971 1569 3076 Namque

395 3097 478 3175 Leo
506 3097 619 3202 Papa
647 3096 751 3176 Xlll.
781 3095 822 3174 in
851 3096 974 3175 literis
1002 3095 1076 3176 diei
1096 3097 1146 3176 27
1176 3092 1283 3176 Nor.
1314 3095 1430 3192 1892,
1455 3121 1495 3174 n.
1528 3095 1566 3174 5.

393 3219 583 3326 praecipit
610 3245 681 3298 eos
710 3219 760 3300 ad
788 3219 1012 3300 Solcmnem
1031 3221 1337 3314 Professlonom
1365 3228 1402 3298 et
1426 3219 1476 3298 ad
1496 3217 1569 3299 Or-

394 3344 507 3424 dines
526 3345 674 3424 Sacros
693 3355 776 3424 no'n
794 3371 885 3424 esse
905 3344 1183 3444 admittendos,
1203 3345 1280 3424 nisi
1303 3355 1396 3450 post
1417 3370 1568 3423 onnam

395 3495 418 3547 a
447 3469 508 3547 die
536 3468 687 3548 reditus
716 3495 739 3547 a
767 3469 905 3548 militia
932 3471 1260 3574 computandum,
1290 3477 1327 3547 et
1346 3467 1567 3547 dummodo

395 3619 536 3672 eorum
564 3594 711 3673 Sancta
739 3593 894 3673 vocatio
923 3594 1055 3674 adhuc
1084 3601 1320 3699 perseveret.

474 3717 685 3813 Quaeritur
713 3719 883 3826 denique
910 3721 952 3798 4⁰
979 3767 993 3777 -
1020 3723 1088 3798 An
1129 3717 1349 3797 Conversus
1376 3717 1568 3797 Nooitius

395 3842 521 3948 possit
549 3869 571 3920 a
599 3843 711 3922 Statu
739 3842 866 3923 laicali
895 3844 945 3924 ad
972 3842 1205 3924 Clericalem
1233 3842 1434 3922 transiref

475 3964 661 4045 Clemens
690 3967 791 4046 Vlll.
832 3966 872 4046 in
901 3966 963 4046 cit.
994 3968 1177 4062 Decreto‚
1206 3967 1311 4045 luruc
1349 3967 1570 4045 transitum

395 4087 577 4194 prohihet
602 4137 621 4148 -
648 4098 782 4169 tamen
802 4090 836 4169 si
851 4117 903 4169 ex
927 4091 1207 4170 informatione
1221 4091 1268 4169 P.
1290 4088 1569 4170 procuratoris

394 4213 600 4294 Generalis
629 4222 784 4294 constet
811 4215 859 4294 de
888 4214 974 4321 ejus
1017 4215 1226 4294 idoneitate
1254 4215 1306 4293 ad
1347 4212 1568 4312 scientiam,

394 4337 588 4417 debonis
630 4337 825 4437 moribus,
860 4346 899 4418 et
939 4340 1042 4420 ritae
1086 4339 1330 4445 perfectioris
1358 4338 1568 4438 desiderio,

396 4461 626 4568 indulgetur
668 4489 741 4570 pro
785 4463 911 4569 gratia
937 4513 952 4523 -
979 4464 1201 4544 dnmmodo
1238 4463 1486 4544 Novitiatum
1514 4463 1571 4542 uti
