3550 5434
901 557 1062 612 „130-

396 748 480 820 tum
507 738 686 834 mobilia,
703 763 825 842 quum
852 736 1077 815 immobilia
1099 761 1216 842 posse
1235 733 1445 842 possidere
1454 758 1469 824 ;
1497 733 1569 812 sed

395 863 530 944 omnia
559 859 714 940 etiamsi
737 867 867 968 partu
894 887 946 939 ex
972 857 1244 955 Lectionibus
1284 857 1567 954 Concionibus

395 986 676 1092 eleemosynis
706 985 866 1091 ulloque
886 984 1000 1090 justo
1028 986 1167 1064 labore
1194 982 1416 1064 Conventui
1443 982 1571 1061 incor-

395 1112 528 1222 porari
557 1110 712 1193 debere.
756 1111 897 1216 Neque
924 1110 964 1188 in
993 1109 1068 1208 his,
1111 1106 1393 1215 Superioribus
1435 1106 1572 1186 datum

393 1265 484 1319 esse
513 1236 613 1318 alios
641 1238 805 1316 Fratres
833 1235 1088 1341 dispensare:
1132 1233 1310 1340 quinimo
1349 1233 1398 1312 de
1435 1231 1569 1329 rebuS,

393 1391 495 1471 quae
524 1368 685 1468 propter
726 1360 1003 1440 necessitatem
1047 1385 1242 1438 concessa
1285 1365 1391 1454 sunt,
1428 1384 1571 1436 omnes

392 1487 448 1566 uti
476 1477 633 1584 debere,
663 1511 745 1564 non
773 1484 876 1564 sicut
903 1485 951 1563 cle
971 1512 1016 1564 re
1033 1485 1220 1592 propriu,
1241 1482 1313 1562 sed
1333 1483 1381 1570 ue
1400 1510 1445 1560 re
1464 1508 1570 1561 conr-

392 1613 504 1690 mum'
526 1608 609 1700 „sub
638 1608 778 1714 poenis
807 1636 831 1688 a
868 1608 1044 1690 Concilio
1081 1607 1257 1688 Trident.
1300 1607 1568 1686 comminatis,

472 1736 536 1814 Ex
564 1731 642 1810 hoc
669 1731 864 1838 plurimae
893 1732 1137 1812 descendunt
1151 1729 1444 1837 dispositiones,
1464 1757 1569 1836 quae

394 1858 638 1938 constituunt
666 1858 863 1935 rationem
891 1856 1038 1962 egendi
1064 1882 1138 1962 pro
1158 1853 1430 1959 Regularibns
1448 1858 1569 1961 super

402 1981 507 2061 Volo
530 1980 800 2090 paupertatis,
844 2007 975 2087 aqua
1016 1980 1150 2059 nullus
1191 1977 1424 2058 abstrahere
1455 2003 1572 2082 prae-

392 2115 537 2186 sumat.

473 2230 578 2309 Hinc
607 2229 808 2335 quaeritur
834 2235 968 2308 utrum
987 2226 1216 2334 hujusmodi
1234 2226 1301 2305 lex
1316 2226 1462 2305 afficiat
1481 2252 1570 2331 pro-

394 2353 609 2433 fessionem
637 2351 852 2461 simplicem
880 2353 1022 2432 eodem
1051 2353 1173 2431 modo
1212 2377 1292 2456 quo
1329 2352 1570 2430 solemnem?

474 2480 525 2558 Et
552 2478 585 2557 si
615 2479 891 2559 consideratur
918 2478 958 2556 in
987 2502 1062 2556 suo
1082 2484 1189 2555 statu
1208 2474 1379 2555 normali
1400 2483 1568 2581 utraque

390 2603 600 2714 Prosesu'o
634 2603 859 2699 constituta,
898 2601 1086 2708 incoque
1114 2626 1370 2706 permanens
1401 2599 1569 2680 dubium

361 2755 472 2810 'non
501 2736 572 2825 est,
603 2729 711 2836 quod
738 2728 779 2807 in
807 2727 906 2834 ipsis
933 2726 1075 2808 eadem
1104 2725 1154 2805 sit
1195 2725 1307 2822 retia,
1346 2726 1568 2831 eademque

391 2853 609 2959 dispositio,
626 2850 766 2932 saltem
787 2850 920 2959 quoad
939 2850 1332 2929 adurinr'strutr'onem
1354 2850 1560 2946 bonorum,

392 2979 688 3070 usumfructum
716 2983 754 3055 et
783 3003 908 3054 usum.

472 3101 601 3206 Inquit
629 3126 728 3180 sane
756 3099 855 3178 Pius
883 3099 955 3198 IX,
997 3099 1038 3177 in
1075 3095 1407 3178 declarationibus
1445 3124 1567 3204 super

390 3225 493 3306 votis
522 3223 770 3330 simplicibus
801 3223 851 3304 12
877 3225 969 3305 Jun.
1001 3222 1118 3302 1858.
1148 3223 1199 3301 N.
1228 3222 1304 3317 lX;
1337 3250 1357 3299 «
1384 3223 1566 3302 Prolessi

395 3381 415 3428 «
443 3355 628 3428 votorum
656 3349 885 3457 simplicium
912 3372 1115 3429 nommuu
1127 3372 1337 3442 eumenus,
1365 3346 1422 3426 uti
1441 3347 1563 3443 aiunt,

395 3505 415 3552 «
443 3500 613 3553 suorum
641 3473 841 3553 bonorum
869 3472 1039 3552 retinere
1068 3478 1270 3578 poterunt;
1299 3471 1371 3551 sed
1398 3473 1451 3550 eis
1488 3496 1566 3550 om-

395 3627 414 3674 «
443 3601 534 3676 niue
563 3597 774 3677 interdicta
802 3605 859 3678 eet
887 3622 1026 3676 eorum
1054 3596 1359 3694 administrabo,
1389 3603 1427 3674 ct
1460 3595 1565 3674 redi-

395 3753 413 3798 «
443 3730 555 3801 tuum
583 3725 774 3826 eroputin
791 3729 911 3828 utque
940 3750 1043 3800 riscus.
1076 3719 1230 3800 Debent
1249 3728 1457 3826 propterea
1473 3729 1563 3800 ante

392 3875 412 3922 «
442 3846 733 3952 professionem
747 3848 946 3926 Votorum
962 3843 1201 3950 simplicium
1216 3846 1357 3925 cedere
1376 3870 1449 3950 pro
1468 3852 1565 3923 tem-

393 3996 552 4077 «pore,
582 3971 730 4076 quoin
772 3970 912 4050 eadem
955 3971 1153 4048 Votorum
1193 3968 1440 4076 Simplicium
1477 3996 1563 4075 per-

394 4119 413 4166 «
442 4090 673 4176 manserint,
723 4089 1124 4185 administrationem,
1173 4093 1470 4195 rcsrcmfructum
1524 4099 1563 4168 ct

393 4243 569 4311 «usum,
600 4213 745 4322 quibus
774 4215 832 4294 eis
861 4213 1063 4321 placuerit,
1093 4215 1287 4294 ucetiam
1317 4242 1392 4294 suo
1408 4213 1559 4309 Ordini,

392 4367 411 4414 «
441 4337 475 4417 si
503 4339 555 4416 ita
593 4365 666 4444 pro
695 4365 837 4418 eorum
865 4337 991 4417 lubitu
1020 4337 1334 4418 existimaverint
1362 4366 1399 4416 u.

466 4465 575 4565 Ergo
603 4462 782 4542 Prolessi
812 4461 1014 4569 Sempb'ces
1043 4462 1120 4541 hoc
1160 4461 1200 4540 in
1242 4489 1366 4542 sensu
1403 4488 1562 4568 compa·
