3550 5434
915 565 1076 620 -116-

408 741 589 843 solemni,
619 749 713 822 sunt
731 743 972 839 necessaria,
993 767 1213 848 earumque
1232 742 1475 823 validitatem
1492 769 1588 822 oon·

407 867 579 948 cludunt.
609 867 681 948 Sin
709 894 806 947 vero
835 866 1109 948 occidentalia
1137 867 1333 965 deficiant,
1364 868 1587 947 idicitatem

406 992 669 1090 constituunt;
699 992 753 1072 uti
783 1019 844 1073 ex.
876 1018 935 1098 gr.
975 991 1153 1072 defectus
1167 990 1388 1072 litterarum
1406 991 1590 1072 testimo-

408 1116 584 1199 nialium.

486 1246 572 1324 Iam
602 1271 697 1324 vero
717 1244 749 1324 si
779 1245 874 1352 quid
893 1245 934 1323 in
954 1243 1087 1324 relatis
1107 1243 1306 1351 requisitis
1325 1242 1587 1341 desideratur,

406 1378 500 1450 tuno
529 1371 579 1450 ad
606 1371 646 1450 S.
678 1369 1041 1474 Congregutionem
1068 1376 1130 1449 est
1161 1369 1462 1467 recurrendum,
1483 1394 1589 1475 quoe

402 1493 520 1601 justis
549 1500 586 1572 et
614 1493 875 1574 rationalibus
903 1493 1038 1573 oensis
1058 1519 1132 1600 pro
1161 1493 1469 1600 dispensatione,
1489 1519 1588 1599 qua·

406 1627 523 1697 tenus
552 1616 638 1697 fieri
666 1617 819 1723 poterit,
849 1616 1037 1723 indulget.

486 1745 565 1820 Ast
602 1741 772 1848 loquens
809 1768 998 1822 summus
1026 1742 1213 1822 Pontifex
1246 1741 1344 1822 Pius
1372 1743 1485 1848 Papa
1513 1740 1585 1820 IX.

408 1867 457 1946 de
493 1865 753 1952 Professione
782 1867 961 1946 Solemni
1005 1866 1045 1945 in
1075 1868 1211 1946 Const.
1240 1867 1298 1945 ad
1341 1865 1592 1946 Unieersafts

408 1989 471 2070 die
490 1990 515 2068 7
537 1989 745 2070 Februarii
767 1990 881 2071 1862.
904 1990 963 2070 sio
982 1991 1112 2090 refert,
1133 1991 1266 2071 statuit
1285 1998 1322 2070 et
1341 1991 1515 2071 decernit
1534 2037 1588 2049 -

412 2145 432 2192 «
460 2116 617 2194 Verum
645 2141 773 2221 nuper
803 2116 1045 2219 agnovimus
1073 2115 1229 2222 aliquos
1253 2115 1447 2213 NoxitioS,
1476 2141 1587 2220 prae·

412 2267 432 2316 «
460 2238 646 2317 termissa
665 2239 915 2344 professione
942 2247 1130 2319 votorum
1149 2238 1402 2345 simplicium,
1424 2239 1474 2320 ad
1492 2247 1588 2318 vota

411 2391 430 2434 «
462 2359 659 2440 solemnia
685 2361 957 2466 nuncupanda
986 2360 1187 2441 admissos
1211 2361 1346 2460 fuisse,
1364 2369 1401 2440 et
1429 2362 1585 2446 exinde.

413 2515 433 2562 n
461 2485 567 2564 oiroa
595 2484 791 2564 dictorum
826 2484 1023 2564 Votorum
1050 2486 1297 2565 Solemnium
1324 2486 1587 2585 oudo'itntem,

413 2641 433 2688 a
462 2609 600 2714 gravia
629 2608 749 2689 dubia
786 2608 954 2691 suborta
983 2637 1084 2690 esse.
1114 2611 1202 2690 Nos
1229 2611 1348 2716 igitur
1382 2611 1591 2718 cupientes

412 2735 573 2814 «inre
603 2735 696 2815 tanti
725 2736 918 2816 momenti
957 2762 1120 2815 omnem
1157 2735 1385 2839 ambigendi
1418 2762 1587 2815 causam

412 2889 431 2936 «
461 2886 680 2952 removere,
710 2867 822 2940 motu
850 2861 1013 2966 proprio
1051 2868 1088 2939 et
1117 2867 1224 2939 certa
1251 2859 1427 2959 seientia,
1458 2860 1588 2966 deque

412 3013 431 3060 «
462 2983 721 3088 Apostolieae
749 2985 924 3065 Nostrae
952 2985 1156 3090 potestatis
1177 2985 1432 3092 plenitudine,
1452 2985 1586 3091 quoad

412 3139 431 3185 «
462 3107 671 3211 religiosas
690 3107 869 3188 virorum
899 3108 1069 3188 familias
1093 3109 1380 3216 cujuscumque
1409 3109 1587 3204 Ordinis,

414 3264 434 3310 a
462 3231 794 3336 Congregationis
823 3241 861 3312 et
889 3232 1069 3331 Instituti,
1100 3232 1315 3340 inquibus
1362 3234 1471 3313 Vota
1516 3233 1589 3312 So

415 3387 435 3434 a
455 3357 857 3454 loninr'aemittuntur,
870 3356 1587 3440 Statuimusaodeeernimusnunnnn

415 3510 435 3558 «
463 3481 624 3559 onznino
652 3505 836 3576 muman,
865 3490 903 3560 et
921 3505 1097 3564 nonnius
1114 3505 1285 3563 sonorus
1313 3482 1397 3560 fore
1423 3505 1589 3563 Pnorrs

414 3633 434 3680 (ι
463 3629 610 3684 sronnu
640 3629 835 3686 roronun
865 3629 1108 3701 sonuumun,
1146 3614 1228 3685 tarn
1265 3605 1435 3685 scienter
1463 3633 1587 3713 quarn

415 3759 435 3804 n
464 3728 704 3831 ignoranter,
721 3731 864 3837 quovis
874 3731 1009 3825 modo,
1022 3737 1229 3835 praetextu
1240 3741 1277 3811 et
1286 3731 1419 3810 colore
1418 3731 1588 3835 suctum

415 3881 434 3928 r<
464 3879 487 3931 a
507 3853 674 3932 Novitiis
694 3854 1014 3960 quibuscumque
1043 3853 1162 3934 etiam
1182 3855 1303 3934 luicis
1322 3863 1360 3933 et
1379 3855 1588 3954 conversis,

413 4005 432 4052 ‹<
463 3975 529 4082 qui
556 3976 644 4056 lieet
674 3978 950 4083 probationem
969 3987 1007 4058 et
1024 3977 1259 4057 novitiotmn
1287 3988 1406 4084 prout
1433 3979 1589 4085 dejure

415 4130 434 4174 «
464 4101 720 4206 expleverint,
749 4125 1054 4184 nonsummum
1073 4104 1191 4209 prins
1210 4127 1506 4184 rnornssronuu
1524 4125 1590 4182 vo-

414 4254 434 4300 «
465 4249 597 4307 roauu
628 4251 875 4322 sinemurum,
905 4236 942 4306 et
969 4227 1008 4305 in
1039 4254 1086 4305 ea
1112 4251 1195 4308 rna
1225 4251 1451 4309 rnrunmuu
1481 4251 1595 4307 mru-

416 4379 434 4424 α
465 4375 583 4432 onon
610 4375 688 4428 non
710 4354 1024 4460 permanserint,
1054 4350 1240 4458 quamvis
1269 4349 1373 4431 vela
1400 4349 1593 4456 Superio-

415 4506 434 4552 «
465 4477 589 4566 ribus,
627 4475 688 4554 vel
726 4504 749 4556 a
788 4476 968 4575 Noviriis,
1011 4475 1074 4554 vel
1117 4474 1167 4554 ab
1210 4475 1390 4581 utrisque
1426 4474 1592 4554 intentio
