3550 5434
25 3869 46 3942 *n
22 3725 43 3856 sssss-2-„2-
25 3681 28 3694 —>

25 1277 46 1328 ii.

25 1359 52 1424 'rs

36 1891 55 1930 f·

23 2263 54 2384 Ξ.

23 2367 51 2484 i

22 2679 59 2816 t„

22 2821 42 2900 ἔ

22 2981 45 3044 ti

22 3411 48 3486 bii*

29 3681 39 3716 ξ,

28 4319 40 4340 z
22 4279 40 4288 t
22 3905 43 4250 -‘2=22-1:—-÷.⁵⁹2:‡=;2-·⁴

892 580 1053 636 -134-

467 763 573 843 Sene
602 761 826 842 haereditas
863 761 927 841 vel
965 768 1026 841 est
1058 760 1304 869 projectitio,
1335 758 1396 838 vel
1424 756 1565 837 adcen-

382 888 495 968 titia:
525 898 563 968 et
585 889 728 994 prima
756 885 927 967 habetur
954 911 1049 966 cum
1078 911 1129 962 ex
1149 884 1234 964 suis
1254 882 1485 990 perentibus
1502 881 1564 962 vel

385 1011 697 1118 consanguineis
740 1011 982 1118 provenerit;
1023 1010 1086 1090 vel
1128 1008 1355 1090 adventitio
1377 1035 1470 1088 cum
1512 1035 1565 1087 ex

387 1137 500 1216 tertia
529 1161 703 1242 persons
732 1134 929 1239 originem
959 1133 1128 1215 duxerit.

466 1264 510 1341 In
541 1259 782 1340 haereditate
801 1259 1020 1366 profectitiu
1040 1260 1125 1366 ipse
1140 1258 1377 1366 quandoque
1396 1258 1565 1338 bubetur

385 1387 529 1466 feneres
557 1386 821 1484 necessarius,
851 1395 888 1465 et
917 1386 972 1464 uti
1004 1384 1106 1484 talis,
1145 1383 1272 1464 editio
1311 1383 1566 1464 baereditatis

387 1513 553 1618 estjure
567 1513 776 1616 sanguinis
788 1555 837 1570 —
850 1510 912 1590 cui
928 1519 1063 1590 tumen
1078 1508 1291 1616 opponitur
1305 1510 1407 1589 fucta
1422 1535 1567 1588 renun-

386 1635 513 1715 tiatio:
543 1661 666 1742 quum
694 1635 734 1714 S.
766 1635 1033 1742 Congregutio
1064 1633 1165 1714 solet
1193 1634 1438 1740 dispensare,
1458 1635 1567 1714 solco

388 1767 524 1838 temen
545 1761 644 1866 jure
673 1762 785 1838 tertii
810 1762 1003 1866 quaesito.

467 1885 608 1982 Quoad
637 1911 732 1964 vero
761 1884 1043 1964 haereditatem
1070 1882 1328 1962 adcentitiurn
1355 1882 1569 1989 speciebus

389 2007 690 2090 obvenientibus
711 2008 899 2115 applicari
923 2007 1051 2088 volout
1070 2009 1212 2087 eudem
1231 2007 1422 2106 doctrina,
1443 2034 1569 2114 quum

389 2161 463 2242 pro
492 2132 741 2240 acquirendis
772 2131 892 2213 rebus
920 2131 1207 2232 immobilibus
1219 2132 1303 2239 jum
1324 2132 1568 2229 notavimus,

390 2267 428 2340 et
455 2259 574 2338 etium
602 2257 643 2336 in
671 2257 748 2336 hoc
781 2285 879 2337 cosu
908 2257 1157 2338 Monusterio
1186 2257 1369 2364 acquirit.

470 2383 548 2463 Sed
578 2382 671 2488 quid
700 2382 911 2463 dicendum
941 2384 989 2462 de
1013 2383 1102 2489 jure
1131 2380 1233 2462 civili
1261 2382 1301 2460 in
1330 2381 1460 2462 thesi?

470 2509 561 2587 Hoc
584 2507 650 2614 jus
679 2507 712 2586 si
733 2532 813 2584 non
834 2518 926 2612 aget
945 2506 1207 2606 uniformiter,
1228 2515 1266 2586 et
1284 2505 1333 2586 de
1352 2507 1567 2588 concordia

390 2659 484 2712 cum
498 2633 586 2739 jure
615 2630 896 2732 ecclesiastice,
926 2630 1037 2736 leges
1066 2631 1282 2711 eanonicus
1308 2631 1473 2711 minime
1490 2631 1569 2712 lue

391 2758 485 2837 dere
513 2763 652 2862 potest.

471 2879 740 2960 Nihilominus
777 2880 965 2958 omnibus
1016 2879 1246 2960 notum‘est
1287 2880 1570 2960 successiones

391 3003 643 3084 baereditatis
658 3030 844 3083 normam
861 3005 983 3109 ujure
998 3003 1100 3084 civili
1114 3013 1268 3102 tenere;
1296 3033 1319 3084 u
1338 3032 1418 3112 quo
1447 3013 1483 3085 et
1507 3033 1569 3084 ro

391 3129 468 3209 bur
483 3136 521 3208 et
535 3128 614 3207 vim
638 3135 937 3234 consequuntur
946 3155 957 3224 ;
978 3129 1077 3208 adeo
1105 3137 1148 3208 ut
1175 3155 1226 3208 ex
1254 3155 1302 3208 eo
1331 3129 1569 3210 dirimuntur

392 3253 688 3332 controversiae
719 3251 819 3332 inter
838 3279 965 3332 unum
995 3260 1032 3332 et
1060 3253 1228 3333 uberum
1244 3262 1427 3350 exortue3
1448 3281 1499 3333 ex
1519 3281 1568 3335 eo

394 3376 579 3457 definitur
608 3376 790 3482 quaestio
818 3374 1074 3456 haereditetis
1124 3403 1206 3456 non
1236 3378 1363 3457 editoe
1393 3378 1572 3482 (Ereditd

393 3502 607 3605 gincente);
637 3527 689 3580 ex
717 3527 764 3579 eo
793 3501 964 3606 denique
994 3509 1148 3581 certum
1176 3509 1236 3580 est
1259 3511 1365 3582 recte
1384 3503 1570 3583 constitui

390 3625 491 3726 jure
514 3624 714 3728 [anciliae.
736 3669 786 3682 —
810 3625 933 3730 Atqui
953 3625 1055 3705 inter
1087 3624 1258 3706 familiae
1296 3632 1569 3736 componentes

394 3746 590 3829 habentur
618 3757 655 3826 et
682 3747 893 3852 Relipiosi.

474 3872 706 3978 Dispututur
716 3870 962 3979 pierumque,
979 3900 1030 3952 an
1045 3873 1271 3978 Reguleres
1286 3876 1441 3981 possint
1451 3901 1569 3956 suem

394 3996 676 4078 hoereditatem
699 3995 903 4104 possidere
932 3999 1092 4104 proprio
1112 3998 1288 4100 nomine,
1309 4027 1479 4107 eumque
1498 3999 1571 4078 ed-

395 4123 637 4214 ministrcre,
667 4119 963 4200 usumfructum
991 4122 1222 4229 percipere?

475 4247 554 4328 Sed
582 4243 792 4350 responsio
820 4272 982 4353 semper
1009 4251 1195 4353 nepotum
1218 4250 1440 4330 confertur:
1461 4275 1573 4328 nam-

396 4397 473 4477 que
502 4370 585 4450 siue
614 4369 929 4468 administratio,
968 4372 1052 4450 sive
1082 4373 1301 4480 possessio
1341 4372 1426 4452 sive
1463 4401 1573 4453 usim-

396 4499 555 4591 fructns
584 4493 793 4602 perceptio
839 4494 878 4572 in
921 4523 1044 4577 sensu
1083 4497 1197 4604 juriS,
1241 4507 1356 4578 ectus
1398 4499 1574 4578 indicunt
