3550 5434
737 539 880 594 ..81-

219 749 240 797 «
272 719 469 818 fessionis
499 719 548 799 de
590 721 789 827 praesenti
818 718 970 800 indulto
1014 746 1059 798 se
1087 719 1142 799 uti
1183 718 1284 798 velle
1321 718 1397 826 ipsi

219 877 240 924 «
271 843 471 924 declarent
499 871 598 924 voce
626 852 664 924 et
691 845 850 952 scriptis
880 871 918 925 ».

298 971 364 1048 Ex
390 969 537 1076 quibus
564 978 671 1076 patet
710 969 949 1076 Superiores
992 995 1154 1076 semper
1193 970 1397 1050 Censuras

215 1094 423 1174 incurrere
451 1093 486 1173 si
516 1141 566 1153 -
594 1092 748 1200 absque
776 1093 933 1174 licentia
959 1094 1193 1201 Apostolica
1223 1141 1274 1153 -
1303 1094 1398 1173 reci·

215 1218 328 1324 piant
354 1218 394 1298 in
422 1219 605 1299 Claustra
623 1219 893 1315 postulantes,
914 1245 1065 1326 eosque
1085 1220 1135 1300 ad
1150 1218 1398 1298 Noeitiatum

217 1351 256 1422 et
283 1343 583 1443 Professionem
624 1343 847 1441 admittant3
891 1343 976 1422 sive
1004 1348 1161 1422 tautam
1198 1370 1268 1422 eos
1298 1343 1396 1422 reci-

212 1469 350 1575 piant:
379 1476 417 1547 et
445 1475 558 1548 actus
586 1469 677 1548 inde'
705 1469 830 1548 secuti
858 1466 914 1548 uti
943 1469 1042 1548 ualli
1059 1466 1288 1548 retinentur.

299 1593 404 1673 Hinc
431 1592 708 1673 transcribitur
735 1593 942 1674 decretum
972 1592 1164 1698 originale
1200 1619 1322 1701 saper
1351 1617 1396 1670 re

216 1725 450 1798 emanatum
479 1745 502 1797 a
529 1719 700 1800 Summo
730 1718 924 1798 Pontifice
952 1720 1155 1799 Innooent.
1189 1718 1278 1798 Xll.

304 1873 324 1921 «
351 1843 476 1923 Sacra
504 1842 770 1947 Congregatio
800 1869 923 1949 super
950 1841 1168 1948 Disciplina
1201 1841 1396 1946 Regulari

219 1997 242 2043 «
272 1968 500 2074 prospicere
529 1967 681 2064 volone,
713 1976 755 2047 ut
783 1995 842 2064 ea,
872 1994 976 2073 quae
1009 1994 1089 2075 pro
1133 1976 1246 2047 recta
1277 1967 1398 2047 Noci-

222 2123 244 2169 «
274 2094 420 2171 tiorum
449 2095 680 2202 receptione,
710 2119 761 2172 ex
790 2119 869 2198 qua
889 2091 1085 2197 regularis
1118 2091 1397 2173 observantiae

220 2245 242 2292 «
272 2214 455 2314 firmitaS,
485 2223 522 2295 et
551 2241 794 2322 progressus
837 2216 1014 2295 maxime
1056 2216 1229 2322 pendere
1262 2215 1398 2320 digno

222 2371 244 2420 «
274 2339 409 2438 scitur,
440 2369 463 2420 a
491 2340 626 2421 Sacris
654 2339 898 2439 CanonibuS,
928 2340 1173 2446 Apostolicis
1201 2339 1397 2420 Constitu-

221 2494 244 2541 «
275 2464 462 2560 tionibuS,
493 2491 539 2544 ac
555 2463 785 2544 novissimis
805 2463 986 2571 ejusdem
1005 2465 1046 2544 S.
1064 2463 1396 2572 Congregationis

222 2618 244 2666 «
274 2587 442 2668 decretis
458 2586 669 2668 salubriter
683 2589 896 2667 constituta
911 2595 1015 2683 sunt,
1026 2590 1210 2667 euectus
1226 2595 1264 2667 et
1278 2613 1398 2666 accu-

219 2742 243 2790 «
273 2715 401 2792 ratius
429 2714 696 2811 observentur,
730 2710 947 2818 multisque
980 2695 1213 2791 occurratur
1245 2711 1395 2791 incom-

221 2869 242 2916 «
272 2838 416 2940 modia,
447 2840 619 2946 quaein
651 2837 829 2943 ejusdem
869 2838 1144 2916 obseruantiae
1179 2837 1397 2945 perniciem

219 2993 242 3040 «
272 2965 450 3073 irrepere
478 2963 751 3072 quoquomodo
778 2971 965 3070 possuat;
993 2963 1215 3069 praesentis
1238 2961 1397 3043 Decreti

218 3117 241 3165 «
271 3095 408 3168 tenore
436 3097 610 3185 reuocat,
644 3090 793 3180 irritat,
827 3095 863 3167 et
892 3089 1088 3187 annullat,
1118 3116 1169 3168 ac
1181 3113 1263 3196 pro
1282 3087 1398 3166 nullis

220 3243 243 3290 «
272 3211 421 3292 habere
456 3215 608 3311 statuit,
648 3221 767 3320 atque
804 3213 979 3292 deceruit
1016 3238 1150 3292 omues
1193 3221 1230 3291 et
1269 3213 1398 3317 stupu-

221 3368 244 3416 «
272 3337 333 3415 las
352 3338 540 3435 licentias,
557 3338 806 3441 (facultates)
828 3345 913 3416 tam
925 3338 1147 3443 peucrates,
1165 3365 1287 3444 quam
1294 3365 1399 3446 par-

219 3491 243 3538 «
272 3462 459 3541 ticulares
485 3485 715 3542 ereremum
735 3485 921 3557 novinae,
951 3471 1033 3545 tam
1062 3461 1249 3562 Clericos,
1271 3488 1395 3568 quam

218 3615 241 3662 «
271 3585 429 3683 LaioOS,
459 3613 533 3666 seu
560 3587 804 3684 ConversoS,
848 3585 905 3664 ad
946 3587 1124 3666 ltabitam
1166 3588 1398 3691 reputarem

219 3739 241 3787 «
272 3709 374 3791 intra
402 3710 555 3790 Italiam
598 3709 835 3816 Insulasque
877 3710 1115 3811 adiacentes
1156 3710 1398 3818 quibuslibet

218 3865 241 3912 «
272 3857 563 3925 ooausoououn
606 3835 785 3930 Ocurura,
829 3836 1066 3917 Sommems
1096 3861 1147 3916 aa
1185 3837 1397 3930 Insanum,

217 3987 240 4036 «
272 3959 391 4036 etiam
418 3981 660 4047 necessetate
677 3966 1040 4061 axelunnun1‚tani
1063 3957 1393 4056 Mendicautium,

219 4111 242 4160 «
273 4107 396 4188 quam
424 4109 503 4165 nou
530 4082 851 4162 Mendicautium
893 4081 1189 4188 Superioribus
1233 4092 1271 4162 et
1304 4082 1398 4160 Per-

218 4237 240 4286 «
272 4205 385 4288 sonis
413 4206 713 4314 quomodolibet
741 4235 958 4288 concessas
986 4214 1077 4286 ante
1106 4206 1211 4287 diem
1248 4205 1398 4287 Confir-

220 4363 242 4408 «
274 4330 473 4430 motionis,
503 4360 577 4412 seu
607 4359 735 4412 novae
764 4331 974 4410 erectionis
1003 4330 1128 4438 ipsius
1155 4332 1196 4411 S.
1225 4333 1397 4435 Congre

218 4485 241 4532 «
272 4455 444 4560 gationis
472 4483 543 4564 per
571 4455 719 4537 litteras
749 4455 990 4564 apostolicas
1018 4456 1059 4535 in
1087 4456 1217 4535 forma
1255 4455 1397 4535 Brevis
