3550 5434
213 698 377 798 lemnia,
406 698 490 778 sive
519 695 726 803 simplicia,
755 703 793 775 et
820 695 910 776 licet
927 695 1071 800 quovis
1091 693 1295 800 privilegio
1315 695 1394 774 suf-

213 823 337 924 fultis,
368 847 485 902 nemo
515 823 565 902 ad
594 821 774 900 habitum
803 819 1032 900 admittatur
1059 819 1207 926 absque
1227 822 1393 900 testimo·

213 950 383 1028 nialibns
412 945 553 1026 litteris
581 954 664 1026 tam
697 945 907 1025 Ordinarii
945 946 1232 1050 origenistam
1274 947 1392 1024 ctiam

218 1072 431 1153 Ordinarii
456 1073 541 1172 loci,
571 1070 610 1150 in
639 1098 719 1177 quo
749 1070 966 1150 Postulans
994 1077 1084 1176 post
1104 1069 1307 1175 expletum
1326 1069 1394 1149 de-

214 1197 367 1277 cimum
397 1197 579 1302 qulntum
609 1222 761 1275 annum
790 1195 927 1275 aetatis
956 1221 1066 1293 suae,
1097 1196 1207 1274 altra
1244 1223 1394 1274 annam

214 1332 399 1402 moratus
428 1321 555 1401 luerit.

350 1449 390 1526 2⁰
420 1446 619 1528 Ordinarii
639 1445 678 1523 in
698 1445 885 1551 praelatis
904 1444 1041 1524 litteris
1060 1442 1393 1524 testimonialibus

215 1571 365 1650 referre
407 1570 576 1651 debeant
617 1571 665 1651 de
708 1570 954 1649 Postulantis
991 1571 1204 1666 natalibus,
1243 1577 1390 1665 aetate,

215 1697 404 1793 moribus,
434 1697 526 1790 elta,
558 1695 788 1792 conditione,
818 1694 1062 1794 educatione,
1081 1696 1257 1790 scicntia,
1274 1723 1329 1772 an
1342 1695 1392 1774 sit

217 1822 436 1926 inquisitae,
466 1828 537 1899 aut
557 1821 635 1898 alio
655 1818 925 1928 impedimento
945 1822 1133 1918 irretitas,
1149 1847 1245 1899 aere
1264 1821 1392 1898 alieno

212 1952 421 2048 praeatus
464 1945 523 2024 oet
562 1942 790 2024 reddendae
832 1945 1003 2050 alicujus
1036 1945 1392 2024 administrationis

215 2069 369 2148 rationi
407 2069 605 2149 obnoccias
634 2113 684 2127 ——
713 2067 888 2150 Clemen.
918 2071 1024 2148 VIII.
1054 2070 1183 2176 Super
1224 2071 1388 2176 Recept.

213 2199 255 2272 et
282 2195 446 2286 Educat.
477 2193 669 2274 Novitior.

296 2319 408 2398 Haec
436 2329 496 2400 est
523 2321 622 2417 Len,
653 2327 690 2398 et
717 2317 783 2398 lex
811 2318 1060 2398 adamussim
1082 2319 1291 2398 servanda.
1311 2321 1390 2400 Sed

211 2451 433 2548 antequam*
476 2442 526 2522 ad
573 2442 864 2522 examInandos
911 2443 1143 2548 singulatim
1189 2445 1390 2549 praelatos

212 2565 401 2646 articulos
430 2567 736 2664 descendamus,
781 2568 1057 2672 quaerendum
1097 2574 1158 2647 est
1186 2611 1233 2624 -ν
1266 2591 1317 2644 an
1350 2566 1390 2644 li-

212 2687 358 2768 herum
387 2691 436 2770 sit
455 2690 666 2798 Episcopis
685 2691 917 2770 huiusmodi
936 2690 1221 2771 testimoniales
1240 2691 1389 2770 litteras

213 2813 440 2918 denegaret

295 2937 489 3043 Nepatioe
508 2987 558 2999 -
578 2947 615 3019 et
634 2941 668 3019 si
688 2965 850 3046 quoquo
872 2941 994 3020 modo
1013 2938 1162 3019 litterae
1191 2939 1386 3039 deficiant,

212 3091 239 3144 a
265 3065 305 3144 S.
348 3065 665 3168 Congregatione
707 3091 829 3170 super
870 3067 983 3146 Statu
1011 3064 1264 3169 Regularum
1296 3091 1388 3170 sup-

212 3185 309 3294 pleri
330 3186 441 3267 solet.
462 3187 659 3268 Declarat.
680 3189 721 3268 S.
742 3190 941 3295 Congreg.
962 3191 1092 3295 Super
1110 3191 1222 3269 Statu
1240 3189 1385 3294 Regul.

213 3313 268 3392 25
296 3315 383 3394 Jan.
417 3311 530 3392 1848.

293 3436 396 3533 Quid
425 3435 458 3515 si
486 3435 706 3516 Postulans
733 3437 771 3515 in
802 3437 970 3516 diversis
1007 3437 1271 3517 Dioecesibus
1304 3466 1388 3519 mo-

210 3566 324 3638 ratus
353 3555 496 3636 suerit?
523 3555 623 3636 Pius
651 3558 764 3662 Papa
792 3558 845 3635 IX
870 3557 910 3635 in
930 3557 992 3635 cit.
1013 3559 1130 3638 Decr.
1151 3560 1386 3663 respondet:

209 3681 360 3763 litteras
380 3681 610 3789 hujusmodi
629 3709 719 3761 esse
740 3681 977 3762 obtinendas
996 3693 1083 3764 tum
1102 3683 1153 3763 ab
1174 3684 1387 3765 Ordinario

208 3807 386 3912 oriyini's,
416 3814 502 3886 tum
545 3805 664 3887 etiam
694 3805 743 3886 ab
787 3805 1000 3887 Ordinario
1043 3809 1121 3886 Ioci
1146 3856 1196 3867 —
1230 3809 1386 3888 Tamen

206 3931 295 4011 sive
318 3929 519 4037 susceptio
550 3930 709 4012 habitus
737 3931 821 4011 sive
850 3931 1059 4038 professio,
1090 3933 1254 4011 omissis
1283 3933 1386 4013 testi-

207 4053 453 4136 monialibus
481 4055 629 4154 litteris,
660 4083 740 4135 non
783 4057 969 4153 inualida,
1013 4058 1084 4138 sed
1127 4065 1281 4136 tantum
1319 4059 1387 4136 ilti-

77 4177 89 4198 '
208 4181 292 4260 cita
320 4187 392 4260 est.

291 4305 410 4385 Nunc
438 4306 488 4386 ad
518 4305 716 4388 articulos.
