3550 5434
1355 592 1639 648 ..27-

311 776 733 856 Conventu
792 773 873 853 S.
915 771 1278 852 Marcelli
1318 773 1414 852 de
1475 770 1696 854 Urbe
1771 772 2088 868 factam,
2168 772 2668 868 [lensi-niem,

315 898 679 1005 aliosque
711 895 1034 979 Ordinis
1063 895 1548 1004 superioreS‚
1580 903 2096 1002 caeterosque
2120 924 2676 1004 quoscumque

311 1025 646 1104 Fratres
703 1030 1186 1127 praesenteS‚
1246 1022 1538 1120 statim,
1599 1020 1952 1126 reliquos
2027 1047 2216 1100 vero
2304 1020 2676 1100 absentes

314 1148 516 1230 citra
570 1149 923 1245 MonteS,
1001 1146 1240 1226 unius
1323 1147 1654 1246 mensiS‚
1738 1145 1947 1225 ultra
2031 1148 2348 1224 Montes
2436 1148 2672 1224 trium

317 1272 732 1353 mensium
790 1271 1074 1379 spatio,
1132 1271 1239 1350 ita
1296 1278 1626 1370 arctent,
1696 1297 1788 1350 ac
1846 1269 1913 1349 si
1971 1296 2252 1349 eorum
2340 1268 2676 1372 singulis

316 1394 848 1504 personaliter
901 1394 1259 1475 intimata
1317 1394 1676 1476 fuissent.

483 1522 576 1601 P.
663 1520 790 1600 30.
850 1567 953 1579 —
1011 1522 1349 1626 Insuper
1403 1520 1914 1618 mandamus,
1975 1520 2188 1625 quod
2264 1520 2672 1600 Generalis

317 1646 404 1725 in
463 1644 801 1751 singulis
856 1644 1398 1725 Conventibus
1438 1644 1630 1726 citra
1687 1644 2010 1724 Montes
2068 1644 2304 1724 unius
2344 1644 2672 1740 mensis,

316 1770 528 1851 ultra
584 1763 773 1849 vero
830 1770 1154 1849 Montes
1221 1769 1461 1850 trium
1546 1768 1951 1848 mensium
2035 1796 2276 1848 cursu
2364 1768 2676 1848 decreta

316 1894 778 2002 supradicta
831 1892 1218 2001 publicari
1295 1893 1551 1989 faciat,
1638 1892 1793 1972 sub
1875 1919 2124 1999 paena
2216 1892 2676 1996 privationis

320 2017 850 2107 Generalatus
914 2016 1245 2124 aliisque
1303 2017 1627 2097 arbitrio
1667 2024 1945 2097 nostro
1984 2016 2512 2124 impffliendis.

483 2144 783 2223 Datum
840 2144 1154 2223 Romae
1212 2141 1422 2247 apud
1479 2143 1866 2222 Sanctum
1921 2142 2256 2221 Pet-mm
2308 2140 2432 2220 [lic
2472 2140 2676 2244 rige*

321 2265 534 2347 sima
590 2266 862 2372 quinta
917 2265 1221 2346 mensis
1276 2265 1485 2361 Julii,
1543 2264 1969 2346 millesimo
2036 2264 2676 2372 quingentesimo

321 2390 851 2495 nonagesimo
908 2415 1148 2469 non0.

483 2515 579 2594 P.
612 2515 738 2594 31.
797 2560 899 2572 —
953 2515 1386 2593 Decretum
1426 2512 1635 2611 illud,
1660 2538 1820 2619 quo
1862 2515 2280 2593 Fratribus
2320 2516 2672 2592 Ronmm

322 2646 591 2747 petere
647 2665 835 2718 curn
889 2638 1303 2720 Generalis
1360 2646 1436 2718 et
1492 2638 1978 2717 Protectoris
2034 2640 2384 2720 Licentia
2444 2640 2676 2716 dum*

321 2772 545 2844 taxat
633 2763 1120 2870 permissum
1214 2771 1357 2861 est,
1451 2762 1846 2843 Sanctitas
1938 2764 2100 2843 Sua
2196 2764 2508 2840 extendi
2576 2764 2676 2840 nd

321 2887 912 2968 Provincialem
969 2887 1334 2986 decrevit,
1394 2887 1499 2967 ita
1557 2896 1642 2967 ut
1722 2887 2248 2968 provincialia.
2322 2888 2516 2992 ipsc,
2576 2912 2676 2966 ex

321 3039 571 3094 causa
627 3011 1038 3093 communi
1067 3012 1308 3092 totius
1362 3012 1834 3093 Provinciae
1880 3012 2320 3108 dumtaxat,
2368 3012 2676 3092 faculta-

319 3146 488 3218 tem
545 3135 1001 3243 hujusmodi
1058 3137 1316 3216 facere
1356 3136 1631 3218 valeat.
1683 3136 2288 3244 Declaravitque
2332 3164 2676 3244 poenum

319 3261 788 3369 privationis
818 3260 1038 3341 vocis
1071 3261 1370 3343 activae
1409 3268 1484 3340 et
1521 3262 1892 3368 passivae
1931 3264 2676 3342 contrnlnrientilius

317 3385 706 3466 inflictam
761 3385 1166 3467 Sanctitati
1221 3388 1433 3468 Suae
1474 3395 1965 3467 reservatam
2023 3413 2228 3480 essin,
2272 3388 2672 3464 interdictu

318 3509 655 3591 omnino
713 3537 995 3590 eorum
1053 3509 1599 3617 superioribus
1657 3510 1995 3616 singulis
2034 3512 2272 3592 etiam
2312 3512 2676 3592 Genernli

316 3662 420 3716 ac
475 3634 914 3714 Protectori
972 3635 1338 3716 facultate
1395 3634 1524 3715 illa
1563 3634 2056 3736 moderandi,
2108 3664 2196 3712 nc
2240 3636 2672 3716 relaxandi.

597 3903 856 3969 Datum
900 3904 1164 3969 Romae
1210 3902 1322 3969 die
1369 3904 1459 3967 20
1504 3902 1746 3969 Martii
1797 3903 1991 3969 1601.

1291 4207 1722 4219 ———
