3550 5434
745 527 885 582 ..15-

228 701 338 809 ipsas
366 712 597 809 praesentes
625 703 773 784 litteras
804 732 966 811 semper
993 707 1146 806 firmas,
1176 708 1329 788 validas
1366 720 1404 789 et

228 829 412 908 efficaces
440 827 623 925 existere,
646 838 684 906 et
713 829 808 926 fore,
839 855 1018 934 suosque
1046 830 1257 935 plenarios,
1290 842 1326 911 et
1345 834 1403 910 in-

228 963 363 1058 tegros
392 953 557 1032 effectus
585 951 729 1051 sortiri,
761 961 798 1031 et
828 952 1019 1050 obtinere,
1041 982 1088 1034 ac
1116 954 1191 1036 illis
1220 957 1270 1037 ad
1299 984 1402 1063 quos

228 1087 390 1186 spectat,
420 1085 457 1158 et
484 1085 750 1184 protempore,
794 1079 998 1184 spectabit,
1042 1081 1082 1159 in
1125 1081 1326 1178 omnibus
1365 1093 1403 1163 et

227 1203 473 1311 peremnia,
515 1202 759 1310 plenissime,
805 1212 841 1283 et
869 1214 1062 1311 perpetuo
1104 1207 1329 1312 suflragari,
1364 1219 1402 1289 et

227 1329 278 1409 ab
307 1329 365 1408 eis
392 1327 623 1434 respective,
667 1326 953 1429 inviolabiliter,
996 1337 1033 1409 et
1061 1330 1301 1412 inconcusse
1334 1333 1401 1413 ob-

227 1451 391 1532 servari.

307 1579 353 1658 P.
374 1577 411 1656 7.
433 1624 483 1636 -
503 1576 657 1684 Sicque,
688 1585 725 1657 et
752 1604 833 1657 non
862 1577 973 1658 aliter
1000 1578 1039 1658 in
1068 1579 1301 1685 praemissis
1330 1608 1400 1687 per

227 1729 506 1810 quoscumque
534 1702 687 1782 ludices
716 1703 954 1800 ordinarios,
985 1712 1023 1782 et
1051 1704 1253 1808 delegatos
1282 1705 1399 1785 etiam
1536 1717 1539 1725 ’

227 1855 443 1908 causarum
471 1827 610 1907 Palatii
640 1827 860 1933 Apostolici
887 1829 1117 1924 AuditoreS,
1148 1856 1194 1908 ac
1222 1831 1261 1909 S.
1284 1833 1335 1910 R.
1357 1834 1400 1912 E.

226 1953 469 2052 CardinaleS,
499 1951 618 2031 etiam
647 1955 695 2032 de
724 1954 866 2032 Latere
894 1955 1084 2057 Legatos,
1101 1961 1139 2032 et
1155 1953 1254 2032 alios
1282 1981 1400 2060 quos-

224 2075 319 2158 libet
342 2103 595 2184 quacumque
618 2076 915 2182 praeminentia,
927 2086 964 2156 et
975 2085 1166 2182 potestate
1177 2079 1398 2182 fungentes,

226 2209 264 2280 et
292 2202 510 2298 functurus,
541 2200 697 2281 sublata
726 2201 794 2299 eis
825 2209 1031 2281 eteorum
1063 2201 1221 2282 cuilibet
1258 2203 1399 2309 quavis

227 2327 340 2406 aliter
362 2326 576 2434 judicandi,
606 2338 644 2407 et
680 2325 959 2432 interpetrandi
988 2326 1182 2428 facultate,
1212 2336 1249 2407 et
1269 2338 1398 2408 aucto-

226 2452 339 2532 ritate
362 2450 530 2558 judicari
559 2459 595 2530 et
623 2451 776 2530 deliniri
797 2451 954 2547 debere,
976 2479 1023 2530 ac
1042 2452 1207 2548 irritum,
1225 2461 1261 2532 et
1280 2453 1397 2533 inane

226 2575 416 2684 quidquid
444 2602 563 2655 secus
597 2602 718 2682 super
745 2575 793 2654 iis
821 2603 844 2655 a
873 2603 1050 2682 quonam
1083 2577 1224 2682 quavis
1263 2585 1399 2657 aucto-

225 2703 339 2782 ritate
366 2701 549 2800 scienter,
579 2699 640 2780 vel
668 2700 898 2804 ignoranter
930 2701 1164 2806 contingerit
1204 2703 1396 2782 attentari.

307 2827 350 2906 P.
380 2827 418 2905 8.
450 2873 498 2884 -
528 2825 620 2904 Non
649 2824 899 2905 obstantibus
927 2825 1172 2931 praemissis,
1193 2853 1241 2906 ac
1260 2835 1399 2907 nostra
1494 2856 1496 2860 ⁴

224 2958 263 3030 et
289 2949 554 3031 Cancelleriae
583 2948 838 3056 Apostolicae
858 2949 1015 3054 Regula
1044 2951 1198 3057 dejure
1218 2953 1398 3058 quaesito

223 3099 305 3154 non
318 3073 503 3173 tollendo
524 3072 688 3180 aliisque
707 3073 952 3180 Apostolicis
972 3101 1018 3154 ac
1037 3074 1075 3154 in
1090 3075 1395 3174 universalibus

222 3197 630 3304 Provincialibusque,
678 3205 716 3277 et
760 3193 1029 3302 Synod'alibus
1070 3198 1255 3279 Conciliis
1284 3200 1397 3280 editis

224 3322 489 3428 generalibus
543 3321 602 3402 vel
649 3321 889 3428 specialibus
943 3323 1312 3420 Constitutionibus,
1361 3333 1399 3404 et

225 3447 551 3530 Ordinationibus
579 3472 737 3526 necnon
770 3448 1006 3554 quorumvis
1051 3446 1259 3547 Ordinum,
1298 3452 1398 3531 Con-

225 3573 517 3679 gregationum,
559 3571 816 3671 Societatum,
861 3579 899 3650 et
939 3571 1224 3672 institutorum,
1262 3572 1398 3653 aliisve

225 3697 433 3804 quibusvis
448 3697 564 3776 etiam
577 3696 816 3802 juramento
833 3695 1137 3776 confirmatione
1152 3696 1395 3802 Apostolica,

225 3822 287 3902 vel
316 3820 455 3928 quavis
484 3821 668 3900 firmitate
697 3820 784 3920 alia,
815 3820 1013 3900 roboratis
1040 3822 1216 3920 Statutis
1248 3831 1284 3901 et
1303 3849 1399 3901 con-

224 3945 515 4042 suetudinibus,
546 3943 759 4051 privilegiis
788 3971 959 4051 quoque,
990 3944 1154 4024 Indultis
1183 3953 1220 4024 et
1238 3945 1396 4026 Litteris

223 4069 480 4177 ApostoliciS,
523 4069 674 4149 eisdem
722 4068 952 4168 Ordinibus
996 4068 1396 4173 CongregationibuS,

223 4193 497 4290 SocietatibuS,
527 4202 565 4273 et
593 4193 794 4290 Institutis,
824 4192 1064 4298 illorumque
1100 4193 1395 4298 Superioribus,

224 4326 262 4399 et
289 4320 494 4418 PersoniS,
524 4345 570 4397 ac
599 4317 686 4398 aliis
715 4317 924 4424 quibusvis
958 4317 1033 4396 sub
1076 4317 1397 4425 quibuscumque

223 4437 442 4518 verborum
469 4437 687 4537 tenoribus,
717 4446 754 4517 et
787 4437 940 4536 formis
969 4464 1016 4517 ac
1053 4463 1146 4517 cum
1189 4436 1397 4544 quibusvis
1468 4470 1471 4475 ⁴
