3550 5434
729 551 872 608 ...79-

212 763 234 810 «
266 733 489 813 dummodo
517 732 557 811 in
586 730 786 838 praedicta
814 732 949 811 Domo
978 730 1113 811 omnia
1150 740 1188 810 et
1230 730 1390 834 singula

213 858 518 937 «inveniantur
559 855 760 962 requisita,
804 879 922 961 quae,
971 883 995 934 a
1036 853 1392 935 Constitutionihus

216 1013 237 1060 «
268 981 512 1089 Apostolicis
540 989 578 1060 et
607 979 781 1072 Ordinis,
811 1005 884 1086 pro
926 977 1157 1085 hujusmodi
1196 979 1391 1058 canonica

212 1137 234 1184 «
266 1106 465 1187 erectione
493 1111 637 1185 statuta
667 1114 761 1185 sunt
788 1132 825 1184 n.
1217 1195 1220 1200 ,

292 1234 344 1312 Et
362 1229 461 1310 haec
480 1240 541 1311 est
555 1231 713 1310 Domus
729 1229 777 1308 de
793 1255 872 1334 qua
886 1229 1062 1336 loquitur
1080 1227 1267 1309 Clemens
1282 1228 1386 1308 Vlll.

212 1354 255 1434 in
282 1357 316 1460 g.
357 1347 419 1434 20.
462 1356 667 1434 Decretor.
712 1350 958 1456 generalium
997 1352 1046 1432 de
1086 1350 1389 1431 Reformatione

213 1479 480 1582 Regularium
508 1477 560 1559 20
588 1478 706 1558 Mart.
739 1475 838 1556 1601
862 1522 913 1535 -
941 1505 962 1554 «
978 1475 1098 1556 ·Nulli
1122 1476 1163 1554 in
1183 1482 1389 1582 posterum

217 1633 239 1682 «
268 1603 319 1683 ad
347 1601 527 1683 habiturn
555 1612 593 1682 et
620 1599 914 1709 professionem
943 1600 1211 1699 admittantur,
1249 1601 1326 1678 nisi
1350 1602 1390 1679 in

217 1757 240 1806 u
272 1727 528 1807 Concentibas
550 1753 628 1834 per
656 1725 798 1805 Sedent
826 1725 1101 1834 Apostolicom
1143 1727 1182 1804 in
1218 1726 1389 1832 quolibet

217 1881 240 1930 «
267 1851 484 1932 Provincia
516 1849 760 1958 Depuionclis
790 1879 824 1928 n.

297 1976 373 2056 Hic
401 1975 603 2081 quaeritur
631 2000 800 2054 curnam
846 1974 1074 2081 Episcopus
1115 1974 1154 2052 in
1195 1977 1391 2055 erectione

212 2101 369 2180 Domus
397 2099 633 2178 intervenire
661 2096 798 2191 debet;
829 2099 986 2176 minine
1014 2123 1109 2178 vero
1138 2097 1178 2178 in
1197 2100 1391 2179 erectione

211 2225 473 2304 Nocitiotus?
509 2222 611 2319 Quia
652 2223 691 2301 in
728 2221 858 2328 prima
898 2221 1027 2326 agitur
1069 2223 1118 2303 de
1159 2223 1390 2303 limitatione

212 2349 302 2428 eius
331 2347 632 2444 iurisdictionis;
662 2347 701 2425 in
731 2346 980 2426 altera'vero
1000 2346 1049 2426 de
1068 2346 1223 2427 interno
1243 2347 1389 2427 iurium

212 2471 403 2552 exercitio
431 2471 480 2550 ad
509 2469 738 2575 Religiosos
767 2479 921 2550 tanturn
954 2470 1245 2577 pertinentium.

735 2828 770 2932 a
800 2827 868 2906 rr

213 3095 428 3184 Quaenam
454 3093 530 3172 sint
550 3093 656 3198 jura
669 3121 719 3171 oc
730 3095 951 3201 pricilepic,
972 3122 1075 3201 quoe
1093 3122 1147 3173 coc
1167 3094 1396 3200 hujusmodi

324 3255 515 3332 cononica
554 3257 746 3334 erectione
774 3256 1035 3362 proueniant;
1077 3263 1113 3334 et
1147 3257 1393 3362 praesertim

292 3413 372 3541 'cle
400 3415 709 3522 coemptionibus
737 3423 774 3493 et
808 3415 1044 3494 censoriae

296 3715 483 3795 Primum
512 3717 732 3796 notandum
762 3726 834 3812 est,
863 3743 936 3823 per
963 3718 1199 3797 canonicam
1228 3717 1392 3796 erectio-

212 3866 312 3920 nem
340 3841 520 3919 Domum
548 3868 600 3919 ex
629 3842 795 3947 profana
824 3840 925 3922 inter
957 3869 1022 3921 res
1054 3868 1193 3922 sacras
1234 3842 1391 3939 aleriam,

213 3973 253 4045 et
281 3963 485 4062 familiam,
516 3991 619 4070 quae
647 3964 698 4044 ibi
719 3965 1036 4046 commorabitur
1056 3967 1156 4047 inter
1171 3967 1391 4072 religiosae,

212 4087 428 4168 recenseri.
473 4089 549 4185 Qui
592 4089 767 4194 relipiosi
808 4098 1007 4196 quatenus
1053 4090 1205 4188 Clerici,
1244 4090 1394 4173 habent

212 4241 263 4295 ea
292 4239 397 4318 quae
424 4213 584 4295 Clericis
627 4223 720 4294 sunt
753 4215 996 4314 eommunia,
1034 4242 1097 4296 ex.
1141 4242 1200 4321 gr.
1242 4215 1394 4323 privile

213 4338 331 4444 gium
347 4340 446 4441 sori
471 4346 508 4419 et
536 4343 698 4420 cononis
712 4366 728 4432 ;
756 4339 811 4420 uti
841 4367 937 4420 vero
977 4343 1205 4446 Repclcres
1247 4341 1394 4422 habent

204 4464 302 4546 *iura
331 4473 371 4544 et
398 4463 613 4571 privilegia,
629 4493 732 4574 quae
760 4465 836 4546 illis
865 4467 1042 4546 Romani
1061 4467 1278 4546 Pontifices
1298 4494 1392 4547 con-
