3550 5434
896 495 1038 552 ..72-

385 705 405 754 u
434 685 471 757 et
499 677 656 782 singula
685 703 708 756 a
735 676 1046 758 Constitionibus
1069 675 1314 782 Apostoliois
1334 685 1371 757 et
1391 676 1552 757 Ordinis

383 830 404 880 u
434 801 622 908 requisita
651 828 723 908 pro
743 801 968 882 Novitiatus
987 799 1195 901 erectione,
1221 801 1553 908 Novitiorumqua

384 955 405 1004 u
434 927 666 1008 educatione
693 934 934 1006 concurrant
963 955 997 1006 u.
1031 971 1081 984 —
1109 927 1173 1006 Ex
1201 952 1282 1032 quo
1305 927 1461 1006 clarum
1480 934 1551 1025 est,

381 1051 616 1131 Ordinarios
634 1050 908 1131 Dioecesanos
926 1049 1080 1130 mdlum
1099 1049 1173 1148 ius,
1195 1049 1424 1157 nullamque
1443 1051 1555 1131 iuris·

381 1175 594 1255 dictionem
622 1201 809 1255 exercere
837 1201 973 1283 posse,
990 1173 1129 1254 sivein
1147 1177 1343 1254 cemenicn
1361 1177 1554 1255 erectione

379 1299 666 1399 Nocitictnum,
697 1298 848 1378 sivein
878 1325 1019 1378 eorum
1051 1324 1150 1396 usu3
1193 1300 1323 1403 agitur
1364 1299 1471 1379 enim
1507 1299 1555 1378 de

381 1425 613 1504 auctoritate
638 1426 679 1507 S.
709 1424 800 1505 Sedi
831 1433 1046 1519 reservata,
1077 1433 1114 1504 et
1142 1426 1191 1506 de
1209 1425 1364 1504 interno
1385 1425 1557 1530 Religio·

380 1577 521 1630 sorum
550 1551 752 1647 eccercitiq
770 1549 833 1630 cui
852 1549 1087 1655 Apostolioa
1106 1548 1306 1656 exemptio
1326 1549 1556 1629 omnimode

381 1675 497 1755 favet.

461 1799 564 1879 Cum
610 1807 744 1880 autem
786 1807 1001 1905 quaeratur
1042 1825 1065 1877 a
1111 1824 1290 1906 quonam
1332 1797 1557 1905 dispensari

380 1929 508 2030 possit
536 1922 771 2062 Novitiatus,
801 1923 926 2020 facile,
947 1949 999 2002 ex
1018 1922 1142 2022 dictis,
1164 1923 1375 2029 responsio
1395 1923 1557 2004 deseen-

381 2049 497 2128 dit
477 2095 528 2108 -·-
575 2047 734 2129 nonnisi
772 2077 800 2127 a
841 2049 1028 2128 Romano
1069 2049 1178 2127 Pont
1164 2049 1279 2153 tifice,
1324 2051 1394 2155 qui
1429 2076 1558 2157 supra

387 2173 557 2253 Concilio
560 2201 612 2270 m,
635 2175 813 2280 lepesque
831 2173 1048 2252 ecclesiast
1016 2182 1116 2251 tiens
1135 2180 1251 2253 ecctat
1265 2173 1432 2252 --.Ben
1448 2173 1562 2252 XIV

382 2297 430 2377 de
457 2299 554 2404 Syn.
583 2297 802 2379 dioecesan.
833 2297 920 2376 d'br.
963 2297 1027 2378 13
1064 2298 1128 2377 12.

460 2423 564 2520 Quid
601 2421 772 2528 denique
813 2422 1026 2502 dicendum
1065 2423 1115 2502 de
1156 2423 1308 2503 recluso
1348 2421 1558 2501 Nooittntu

381 2547 605 2652 (Noviziato
634 2547 823 2654 aperto)⁶i

466 2673 555 2752 Non
584 2671 709 2752 semel
738 2678 856 2778 atquo
884 2671 1028 2752 iterum
1054 2670 1292 2777 Superiores
1321 2671 1371 2750 ad
1389 2672 1429 2752 S.
1452 2673 1558 2751 Con-

383 2797 657 2902 gregationem
702 2795 875 2901 ingenue
921 2796 1193 2893 deduxerunt,
1242 2822 1341 2875 suos
1391 2796 1557 2875 iuvenes

382 2921 638 3000 Postulantes
663 2920 888 3026 formatem
925 2921 1198 3026 probationem
1240 2920 1394 3015 fecisse,
1438 2919 1557 3000 nullis

383 3045 445 3124 vel
474 3045 555 3124 fere
583 3044 702 3124 nullis
731 3043 900 3125 servatis
928 3043 1222 3124 conditionibus
1258 3072 1282 3124 a
1324 3044 1442 3124 nobis
1483 3071 1557 3152 pro

383 3171 584 3252 Novitiatu
613 3170 798 3278 superius
839 3170 985 3270 relatis
1029 3197 1077 3250 ac
1119 3171 1259 3250 deinde
1301 3170 1558 3277 quaesierunt

383 3343 434 3356 -
450 3322 501 3376 an
529 3303 694 3402 possent
721 3322 792 3375 eos
818 3296 874 3374 sic
885 3297 1081 3405 probatos
1100 3295 1310 3376 admittere
1328 3295 1387 3374 nd
1395 3296 1557 3403 profes-

382 3424 530 3502 sionem
563 3421 758 3500 Vetorum
775 3421 1039 3528 simplicium?
1056 3421 1212 3518 Quibus
1230 3421 1270 3501 S.
1291 3419 1557 3560 Congregatio

384 3572 544 3684 semper
572 3551 690 3651 nepot
693 3548 793 3626 ioum
821 3545 927 3625 dedit
911 3553 1215 3651 t;responsum
1235 3545 1415 3684 quinimo
1436 3543 1559 3626 admi·

383 3678 445 3750 rat
447 3669 580 3749 ionem
607 3667 826 3768 indixit‚t
788 3677 826 3748 et
853 3669 1003 3750 monita
1031 3669 1147 3769 dedit,
1177 3696 1228 3748 ne
1264 3669 1305 3748 in
1347 3696 1422 3775 pos
1424 3676 1556 3749 terum

384 3795 479 3900 quid
507 3793 636 3874 similo
664 3805 860 3898 ageretur.
