3550 5434
1757 598 2042 652 ..20-

729 776 1026 855 tionem
1102 774 1646 880 pecuniarum,
1707 785 1783 858 et
1847 778 2296 857 reddituum
2364 779 2488 857 sui
2584 783 3069 879 Conventus,

732 899 967 978 etiam
1025 899 1349 979 nomine
1404 895 1864 980 Conventus
1920 929 2063 1009 per
2092 929 2181 981 se
2219 903 2485 1008 ipsum
2543 902 2860 1003 habere,
2904 905 3072 984 sive

732 1050 1106 1102 exercere
1161 1025 1434 1129 possit,
1497 1028 1638 1106 sed
1679 1027 2145 1106 universum
2186 1026 2261 1107 id
2303 1054 2511 1107 onus
2567 1029 2821 1109 tribus
2877 1034 3074 1111 Fra·

730 1147 983 1227 tribus
1043 1149 1400 1255 ejusdem
1457 1152 1917 1231 Conventus
1975 1180 2022 1231 a
2079 1153 2443 1233 Generali
2493 1153 2597 1234 ita
2654 1157 3074 1236 demande-

731 1282 880 1370 tur,
941 1281 1027 1352 ut
1081 1298 1300 1352 unus
1332 1302 1631 1374 rerum,
1674 1285 1749 1355 et
1786 1275 2216 1376 bonorum,
2262 1278 2871 1386 reddituumque
2915 1281 3078 1360 col-

728 1397 1257 1501 ligendorum,
1320 1426 1412 1477 ac
1496 1400 2077 1504 exigendorum
2146 1428 2427 1481 curam
2511 1402 2819 1504 babeat,
2882 1405 3077 1484 alter

728 1532 1110 1627 tanquam
1169 1524 1720 1629 Depositarius
1795 1526 2199 1631 pecuniae,
2263 1553 2357 1606 ac
2414 1535 2719 1607 caetera
2782 1529 2882 1607 ab
2943 1529 3073 1608 illo

729 1643 1078 1743 collecta,
1140 1653 1211 1724 et
1270 1655 1549 1727 exacta
1634 1648 1967 1728 fideliter
2024 1658 2405 1746 asservet,
2495 1650 2719 1740 alius,
2780 1654 2876 1732 de
2952 1680 3076 1758 pe-

729 1767 1006 1857 cuniis,
1068 1779 1141 1849 et
1223 1771 1468 1851 rebus
1526 1799 1572 1851 a
1659 1773 2159 1878 Depositario
2246 1776 2588 1881 acceptis
2655 1774 2942 1875 Priori,
3004 1786 3077 1856 et

724 1894 1166 1996 Fratribus»,
1253 1924 1348 1976 ac
1433 1898 1873 1978 Conventui
1959 1897 2334 1977 universo
2393 1900 2490 1978 de
2574 1900 3073 1999 necessariis,

727 2020 1159 2099 mandante
1212 2029 1482 2100 tamen
1538 2022 1715 2127 ipso
1782 2023 2088 2122 Priore,
2149 2050 2312 2102 non
2397 2024 2843 2103 secundum
2902 2052 3077 2131 pro-

728 2144 992 2249 prium
1050 2146 1446 2244 affectum,
1508 2149 1648 2228 sed
1698 2148 1927 2253 juxta
1985 2146 2389 2226 charitatis
2430 2147 2796 2252 regulam
2840 2148 3072 2228 veluti

726 2269 990 2349 bonus
1048 2270 1551 2376 dispensator
1607 2273 2040 2377 provideat3
2101 2271 2550 2352 officiorum
2612 2272 3069 2378 hujusmodi

727 2394 1194 2473 confusione
1252 2396 1563 2501 penitus
1619 2396 2052 2475 interdicta.
2130 2397 2550 2476 Caeterum
2589 2396 2675 2477 hi
2708 2406 2866 2475 tres
2908 2408 3070 2477 tam

727 2518 1087 2624 impensi,
1133 2546 1377 2626 quam
1417 2520 1712 2626 accepti
1754 2521 2092 2624 singulis
2133 2520 2551 2600 mensibus
2590 2547 2739 2601 suo
2781 2520 3064 2620 Priori,

726 2642 1098 2722 adhibitis
1157 2644 1393 2723 etiam
1432 2645 1750 2726 duobus
1810 2645 1929 2724 vel
1970 2645 2223 2726 tribus
2261 2645 2677 2725 Fratribus
2709 2646 3067 2752 ejusdem

727 2770 1190 2848 Conventus
1247 2769 1857 2874 probatioribuS,
1919 2798 2350 2877 rerumque
2409 2798 2564 2849 usu
2593 2772 2883 2876 peritis,
2946 2798 3070 2849 ra-

725 2892 1021 2971 tionem
1063 2894 1435 2990 reddant3
1494 2896 1798 2975 Deinde
1838 2896 2152 3001 ipsimet
2189 2922 2477 2974 rursus
2517 2894 3067 3001 praesentibus

723 3017 1029 3116 Priore,
1091 3027 1163 3096 et
1203 3018 1471 3124 peritis
1509 2999 1955 3125 praedictis,
1990 3020 2355 3099 Generali
2412 3046 2599 3099 cum
2641 3020 3063 3117 advenerit,

726 3141 1059 3247 denique
1119 3143 1286 3248 ipse
1326 3144 1737 3223 Generalis
1781 3144 1859 3222 in
1900 3143 2248 3250 quolibet
2287 3144 2658 3249 proximo
2708 3142 3065 3248 Capitulo

725 3267 1114 3364 Generali,
1194 3267 1475 3347 saltem
1560 3296 1837 3349 coram
1895 3269 2148 3348 tribus
2233 3268 2655 3367 IudicibuS,
2727 3268 2833 3378 ‚ab
2893 3268 3066 3373 ipso

725 3390 1082 3497 Capitulo
1141 3392 1240 3471 ad
1298 3391 1450 3471 hoc
1525 3393 1999 3491 constitutis,
2070 3392 2388 3472 illorum
2451 3372 2839 3489 omnium,
2901 3392 3068 3471 uni-

724 3543 1201 3621 versamque
1241 3544 1435 3596 suae
1475 3517 2180 3597 administrationis
2220 3526 2384 3596 tam
2420 3517 2783 3623 pubblice
2816 3544 3063 3623 quam

719 3642 1020 3748 private
1077 3644 1467 3722 rationem
1543 3644 1873 3723 reddere
1961 3651 2421 3738 teneantur;
2510 3642 2737 3748 cujus
2824 3641 3066 3721 etiam

724 3767 1185 3872 exemplum
1225 3767 1763 3846 authenticum
1805 3795 1906 3846 ex
1936 3767 2132 3846 actis
2171 3767 2504 3873 Capituli
2545 3766 3061 3858 describatur,

724 3891 823 3970 ad
882 3890 1034 3970 hoc
1090 3900 1176 3969 ut
1231 3892 1329 3970 ad
1389 3917 1629 3969 omne
1687 3893 2157 3971 mandatum
2216 3898 2611 3988 nostrum,
2674 3889 2791 3968 vel
2852 3890 3065 3968 sedis

721 4013 1232 4119 Apostolicae
1290 4018 1645 4094 Romam
1704 4015 2125 4093 transmitti
2182 4014 2456 4119 possit.

881 4141 973 4219 P.
1008 4139 1081 4217 7.
1126 4186 1227 4197 -
1266 4142 1353 4219 In
1397 4166 1887 4246 unoquoque
1911 4142 2324 4221 Conventu
2365 4143 2763 4236 Fratrum,
2805 4138 2873 4216 is
2903 4146 3066 4216 tan-

720 4274 888 4343 tum
930 4264 1296 4369 deinceps
1353 4265 1875 4344 constituatur
1915 4274 1988 4344 et
2026 4266 2104 4343 in
2144 4276 2555 4371 posterum
2613 4262 3061 4359 retineatur,

719 4415 1132 4481 numerus,
1165 4388 1296 4495 qui
1337 4416 1438 4467 ex
1477 4390 1911 4469 redditibus
1951 4390 2100 4468 illis
2140 4388 2502 4494 propriis,
2547 4388 2664 4466 vel
2713 4415 2813 4465 ex
2854 4414 3066 4465 com-

717 4512 1100 4592 munibus
1133 4512 1556 4612 consuetis,
1581 4515 1703 4592 vel
1734 4514 1969 4594 etiam
2001 4513 2502 4619 singulorum
2535 4511 3062 4609 eleemosinis,
