3550 5434
908 563 1068 620 -186-

479 746 553 828 Cui
582 750 623 828 S.
655 747 777 846 Orda,
807 745 870 825 die
897 745 946 824 21
977 745 1102 824 Febr:
1135 743 1249 826 1899.
1280 746 1467 852 reposuit.

478 875 763 954 ereremum
790 870 848 948 ad
867 872 1051 977 primam
1071 877 1236 976 partem
1252 871 1370 950 —ad
1389 871 1469 950 2⁸¹⁰
1488 871 1578 950 Pro

398 999 465 1074 sui
493 1024 674 1101 conprua
700 997 990 1074 sustentatione
1019 999 1188 1076 tantam.

478 1122 620 1216 Quoad
636 1120 941 1227 responsionem
970 1119 1122 1225 primae
1150 1120 1273 1225 partis
1289 1120 1407 1218 dubii,
1426 1147 1476 1201 ex
1492 1121 1578 1229 jam

398 1247 555 1342 notatis,
572 1245 681 1325 nulla
696 1247 812 1325 datur
840 1243 1041 1323 dubitatio.
1058 1245 1200 1340 Quoad
1230 1246 1452 1327 seeundum
1481 1272 1577 1326 vero

400 1371 485 1477 ejus
508 1374 660 1450 ceritas
687 1369 888 1475 probatur.

479 1494 697 1600 Siquidem,
714 1494 821 1600 quod
843 1494 1154 1572 lionaecclesiae
1167 1496 1251 1574 sint
1268 1496 1580 1574 Patrimonium

404 1619 562 1698 Christi
589 1618 791 1697 neminem
833 1616 925 1696 latet
967 1643 1018 1696 ex
1061 1619 1157 1724 Cap.
1201 1619 1305 1700 Cum
1344 1619 1580 1699 Secundum

400 1746 449 1825 de
477 1745 620 1826 Praeb.
650 1751 688 1822 et
714 1742 911 1847 Dignitat:
940 1789 991 1801 -
1022 1743 1130 1847 quod
1158 1743 1235 1824 sint
1272 1743 1580 1824 Patrimonium

399 1872 638 1978 Paupcrum
665 1915 716 1927 -
745 1866 945 1947 evidenter
965 1877 1186 1947 constat-
1202 1870 1387 1950 exCaus.
1407 1869 1468 1966 16,
1489 1891 1578 1945 can.

400 1995 467 2073 fin.
499 2001 650 2100 quaest.
682 1994 736 2072 1.²
763 1992 880 2088 Quod
915 1991 1066 2070 Clerici
1097 1993 1371 2099 Beneficiarii
1407 2015 1580 2072 naussu-

404 2149 423 2189 (τ
453 2142 535 2198 roa
562 2117 750 2211 redditus,
781 2139 1051 2220 quesumus
1080 2141 1145 2197 sm
1174 2141 1391 2222 Hounsmu
1418 2140 1581 2197 suerru-

403 2275 423 2320 «
452 2267 659 2324 rsrrouuu
678 2241 726 2320 ab
754 2239 934 2321 Ecclesia
977 2241 1209 2347 percipiunt,
1240 2264 1510 2324 murmannus
1537 2238 1581 2318 in

404 2399 424 2445 «
447 2393 659 2475 pauperes,
689 2365 815 2445 aliave
843 2365 907 2471 pia
936 2392 1058 2472 opera
1087 2391 1278 2448 uuoaaeu
1326 2411 1378 2426 -
1417 2389 1581 2473 pracce-

394 2498 509 2600 ptum
537 2500 596 2570 est
624 2517 648 2569 a
676 2489 825 2571 Concil.
863 2489 1038 2569 Trident.
1071 2492 1179 2571 Sese.
1218 2491 1283 2586 25,
1321 2493 1417 2596 Cap.
1449 2491 1501 2568 l.⁰
1528 2488 1580 2568 da

400 2619 579 2698 Reform.
609 2617 763 2697 Bened:
792 2616 893 2696 XIV
920 2616 969 2695 de
997 2616 1146 2721 Synod.
1177 2616 1346 2696 dioeces
1378 2615 1462 2694 libr.
1489 2614 1578 2692 Vll.

400 2745 496 2850 Cap.
527 2745 563 2821 2.
592 2743 627 2846 5.
661 2742 723 2821 14.

481 2864 604 2969 Atqui
632 2863 855 2967 Regulares
874 2890 969 2942 cum
989 2864 1277 2944 debilitatione
1297 2863 1354 2942 ad
1366 2861 1581 2968 Beneficia

401 2989 687 3095 consequenda,
707 2987 969 3068 restitunutur
984 2989 1033 3068 ad
1054 3015 1145 3068 eam
1166 2988 1437 3086 idoneitatem,
1455 3011 1580 3092 quam

397 3116 482 3221 jam
497 3113 776 3193 abdicaverant
790 3139 885 3192 oum
899 3119 991 3192 voto
1007 3114 1175 3192 solemni
1180 3113 1457 3221 paupertatis:
1468 3113 1579 3214 Ergo

402 3239 542 3320 saltem
570 3245 664 3317 sunt
695 3238 876 3336 ClericiS,
908 3237 982 3317 hac
1011 3239 1050 3317 in
1079 3265 1134 3338 re,
1165 3237 1460 3345 aequiparandi.

481 3363 633 3443 Saltem
661 3363 826 3467 inquam
843 3408 893 3421 -
909 3389 1084 3468 uanique
1113 3389 1255 3442 eorum
1283 3362 1476 3442 restitutio
1495 3387 1579 3457 non

402 3496 461 3567 est
490 3487 622 3592 quoad
649 3487 930 3586 sicbstantium,
962 3488 1032 3566 sed
1063 3493 1229 3585 tantum,
1249 3486 1386 3593 prcoad
1397 3485 1579 3565 acciden-

402 3614 530 3691 talia:
559 3619 597 3690 et
624 3611 824 3691 Beneficia
852 3613 1045 3692 canonice
1074 3621 1310 3708 consecuta3
1349 3612 1398 3690 ab
1434 3610 1578 3690 iisdem

402 3744 493 3815 sunt
520 3735 724 3815 retinenda
751 3739 911 3814 nomine
939 3735 980 3814 S.
1012 3735 1142 3831 Sedis,
1173 3737 1205 3814 ti
1220 3737 1284 3815 ulo
1314 3735 1578 3816 administra-

402 3862 537 3940 tionis.
566 3859 663 3938 Inde
682 3884 755 3964 pro
783 3858 879 3965 ipsis
908 3885 1038 3965 neque
1067 3858 1130 3939 illa
1158 3859 1244 3939 fieri
1272 3867 1401 3966 potest
1423 3868 1578 3939 contro

402 3986 530 4065 versia
559 3983 599 4062 in
629 3983 805 4064 Concilio
833 3983 1065 4064 Tridentino
1095 3985 1239 4089 agitata
1267 3993 1305 4065 et
1333 4011 1414 4064 uon
1444 3983 1578 4063 defini·

402 4111 479 4189 tive
507 4107 709 4188 decisa-
729 4136 785 4186 an
808 4108 959 4188 Clerici
987 4109 1229 4188 Saeculares
1245 4111 1462 4212 fructuum
1490 4134 1578 4188 suo

402 4263 494 4314 rum
521 4235 824 4340 Beneficiorum
851 4235 930 4316 sint
958 4239 1114 4314 tantam
1147 4235 1578 4315 Arlministratoreset

402 4358 577 4459 Usuarii‚
611 4383 667 4438 Au
694 4361 849 4439 Domui
877 4405 928 4418 —
962 4358 1112 4440 Pallav.
1156 4361 1257 4439 Hist.
1301 4362 1424 4440 Cone.
1467 4359 1577 4439 Trid.

402 4483 486 4562 libr.
515 4487 579 4565 24.
610 4485 706 4589 Cap.
736 4485 771 4564 3.
802 4509 841 4562 n.
872 4489 977 4565 4-
1006 4510 1182 4589 namque
1209 4483 1434 4588 Regulares
1472 4481 1578 4562 habi-
