3550 5434
891 595 927 606 -
943 565 999 620 *174
1017 591 1050 606 ··-

384 741 545 848 saepius
574 742 801 848 superiores
840 743 1059 848 negligant:
1089 742 1187 821 etsi
1216 743 1254 820 in
1283 737 1479 824 Claustra
1502 771 1562 823 re-

384 866 496 972 cepti,
526 868 622 945 aliis
651 876 743 946 sunt
762 866 801 946 in
821 868 1150 948 destructionem:
1170 875 1305 947 tamen
1321 873 1458 948 contra
1474 895 1560 964 eos,

383 990 518 1097 nequit
546 989 773 1091 auctoritas,
799 991 901 1099 juris
939 991 1076 1071 ordine
1114 999 1286 1089 servato,
1321 994 1559 1098 procedere:

384 1122 478 1193 tunc
493 1116 694 1219 agendum
709 1123 769 1194 est
783 1116 833 1195 ad
844 1118 1182 1195 mentemDeoret.
1198 1115 1295 1195 cit5
1320 1121 1426 1220 Aug.
1443 1118 1560 1214 1872,

385 1266 422 1318 n.
457 1238 610 1319 160391
628 1239 808 1346 -cujus
836 1239 1117 1346 dispositiones
1146 1248 1237 1318 sunt
1265 1249 1489 1347 sequentes.

468 1392 489 1439 a
519 1363 713 1442 Noverint
741 1390 883 1443 omnes
913 1391 960 1444 aa
988 1363 1132 1467 singuli
1163 1361 1367 1469 Religiosi,
1397 1365 1462 1471 qui
1493 1367 1562 1446 de-

389 1517 408 1560 «
438 1487 562 1568 bitam
590 1488 872 1592 Superioribus
901 1487 1173 1592 Regularibus
1203 1488 1502 1570 observantiam
1522 1499 1562 1570 ct

390 1643 409 1686 a
440 1610 705 1691 obedientiam
735 1638 909 1712 servare,
940 1639 987 1692 ac
1015 1621 1217 1718 praestare
1246 1613 1463 1712 omiserint,
1488 1641 1561 1694 eos

389 1766 408 1811 a
440 1761 583 1815 omnes
612 1737 755 1842 quavis
783 1738 1048 1843 exemptione,
1078 1737 1214 1842 gratia,
1245 1737 1472 1843 privilegiis,
1503 1740 1563 1818 fa-

390 1892 411 1939 «
440 1861 651 1942 cultatibus
683 1862 949 1969 peculiaribus
986 1863 1243 1970 Apostolicae
1270 1862 1384 1943 Sedis
1423 1865 1562 1943 rescri-

390 2017 410 2063 a
439 1986 528 2093 ptis,
576 1986 679 2066 ultro
724 1988 941 2082 concessis,
988 1987 1048 2067 vel
1093 1985 1275 2088 obtentis,
1323 1988 1410 2094 ipso
1457 1989 1561 2068 facto

390 2141 409 2186 a
439 2119 477 2189 et
518 2110 606 2216 jure
651 2109 769 2216 liujus
824 2111 969 2190 decreti
1021 2112 1251 2192 auctoritate
1296 2113 1563 2193 destituuntur

390 2264 408 2309 a
440 2243 478 2312 et
505 2234 710 2340 privantur
729 2262 766 2312 a.
787 2233 942 2330 Quibus
962 2234 1087 2314 innixi
1102 2235 1339 2341 Superiores
1359 2235 1562 2314 deducunt

387 2358 436 2438 ad
464 2360 503 2439 S.
534 2358 894 2462 Congregationem
937 2358 1082 2439 borum
1120 2359 1418 2463 Religiosorum
1448 2359 1562 2439 inho-

386 2492 521 2563 nestas
541 2481 728 2581 actiones,
768 2481 1065 2582 inobedientias,
1092 2483 1420 2589 perturbationes,
1443 2493 1561 2590 atque

386 2606 661 2713 pervicaciam:
691 2614 729 2686 et
762 2608 804 2687 S.
843 2608 954 2688 Ordo
988 2653 1037 2666 -—
1081 2606 1234 2688 attentis
1281 2607 1561 2688 informatione

386 2741 424 2812 et
442 2740 535 2811 voto
554 2731 600 2810 P.
630 2733 837 2811 Procurat.
868 2732 967 2813 Glis
988 2731 1161 2842 Ordinis,
1192 2733 1478 2840 perpensisque
1497 2761 1563 2840 pe-

386 2855 602 2936 culiaribus
631 2856 938 2936 circumstantiis
966 2855 1006 2935 in
1035 2883 1132 2935 casu
1161 2857 1489 2938 concurrentibus
1508 2905 1561 2918 -

391 3010 411 3055 a
439 2979 609 3082 benigne
623 2979 755 3059 tribuit
770 2981 974 3060 facultates
990 2981 1239 3061 necessarias
1259 2988 1296 3061 et
1315 2991 1561 3088 opportunas

391 3135 410 3181 a
439 3105 486 3184 P.
506 3103 702 3201 Generali,
724 3105 790 3211 qui
810 3105 997 3211 praefatis
1017 3104 1232 3210 Religiosis
1252 3107 1449 3187 licentiam
1469 3133 1562 3187 con-

390 3263 407 3299 «
440 3229 581 3308 cedere
609 3228 737 3307 valeat
764 3229 952 3308 manendi
981 3239 1093 3309 extra
1121 3229 1314 3326 Claustra,
1345 3230 1562 3310 babituro-

390 3383 409 3429 a
439 3354 578 3457 pulcri
607 3354 714 3432 illico
742 3352 908 3432 dimisso
937 3353 1073 3460 quoad
1097 3356 1289 3450 cr'oeeriat,
1308 3382 1382 3460 per
1400 3355 1561 3434 modam

391 3509 410 3553 «
440 3479 702 3583 expulsionis,
733 3486 771 3556 et
799 3477 952 3585 absque
979 3477 1060 3557 ullo
1089 3505 1231 3558 eorum
1250 3477 1400 3558 ordinis
1425 3505 1557 3558 onere.

466 3602 582 3680 Tunc
608 3600 660 3680 illi
689 3600 863 3682 infelices
906 3603 1089 3708 suspensi
1133 3611 1297 3682 manent
1335 3630 1358 3682 a
1396 3603 1558 3683 divinis:

387 3723 574 3831 Episcopi
601 3752 672 3804 eos
705 3726 880 3833 recipere
908 3727 1063 3808 nolunt:
1103 3727 1315 3834 populique
1353 3727 1490 3808 fideles
1518 3727 1559 3807 in

387 3855 658 3954 contemptum
686 3848 844 3928 habent.
860 3853 911 3930 Et
929 3853 1081 3950 merito,
1103 3851 1195 3958 quia
1215 3877 1344 3957 neque
1378 3852 1561 3957 congruit

386 4001 460 4054 nec
488 3975 656 4080 expedit,
678 3975 934 4080 Apostolicae
953 3976 1067 4056 Sedis
1087 3975 1161 4056 illis
1182 3976 1362 4056 conferre
1377 4004 1557 4077 munera,

385 4099 453 4206 qui
481 4125 563 4179 non
590 4098 805 4199 Ecclesiae,
836 4099 889 4178 uti
911 4126 954 4178 se
975 4107 1116 4206 sponte
1149 4099 1376 4201 dicaverint,
1398 4100 1553 4198 honori,

385 4224 456 4303 sed
484 4223 569 4302 suis
597 4223 736 4303 malint
766 4224 896 4303 vivere
925 4222 1163 4304 commodis.
