3550 5434
744 544 915 600 „41...

231 735 290 806 tra
318 724 368 804 ab
411 750 458 804 ea
500 729 611 828 parte
654 724 885 804 Conventus
915 732 951 804 et
980 725 1228 825 Monasterii,
1258 727 1299 805 in
1332 753 1412 833 qua

231 851 380 955 degunt
407 848 586 928 Professi
616 856 865 952 segregatus,
900 858 1017 958 atque
1045 849 1265 951 distinctus
1295 852 1413 932 babe-

233 983 350 1080 atque
393 980 449 1052 tot
477 973 528 1053 ad
556 971 838 1054 dormiendum
866 974 1032 1056 cellulas
1060 985 1279 1083 separatas
1317 986 1414 1082 quot

230 1105 347 1179 erunt
388 1123 558 1177 numero
596 1096 754 1194 Novitii,
786 1098 846 1177 vel
875 1100 1166 1180 Dormitorium
1195 1100 1248 1180 ita
1270 1127 1411 1207 capax,

230 1230 275 1303 ut
320 1248 392 1330 pro
435 1221 603 1326 singulis
645 1222 790 1327 singuli
836 1223 988 1303 Lectuli
1031 1225 1248 1304 commodo
1290 1225 1413 1306 sterni

231 1357 407 1455 possent.
437 1349 482 1426 ln
512 1373 592 1453 quo
622 1346 741 1427 etiam
770 1347 933 1448 Cellula‚
949 1347 1012 1427 vel
1040 1357 1186 1447 certus,
1217 1376 1264 1429 ac
1292 1351 1415 1431 deter-

231 1473 407 1554 minatus
436 1474 573 1552 Locus
601 1498 675 1578 pro
717 1473 930 1577 Magistm,
961 1473 1127 1580 eiusque
1163 1475 1273 1554 socio
1303 1501 1415 1582 repe-

231 1594 367 1674 riatur.
398 1595 442 1674 ln
472 1619 519 1672 eo
548 1592 666 1672 etiam
709 1602 865 1698 praeter
894 1592 993 1673 alias
1021 1619 1261 1674 communes
1309 1622 1416 1674 com-

231 1717 456 1814 moditates
486 1725 602 1823 aptus
640 1719 775 1797 Locus
804 1717 909 1797 adsit
935 1717 986 1797 ad
1014 1717 1240 1824 spirituales
1286 1719 1414 1801 Colla-

230 1843 374 1938 tiones‚
417 1869 490 1924 seu
531 1841 805 1923 Conferenties
851 1842 1069 1943 faciendas
1113 1871 1160 1924 ac
1189 1843 1414 1944 Lectiones

232 1967 595 2074 instructionesque
637 1966 821 2071 Magistri
863 1967 1098 2068 audiendae,
1141 1978 1180 2048 et
1227 1969 1268 2047 iu
1296 1994 1418 2076 quem

234 2092 394 2198 hyemis
435 2101 615 2199 tempore
656 2093 706 2172 ad
747 2091 1062 2173 calefaciendum
1104 2119 1149 2172 se
1194 2093 1274 2197 igni
1311 2118 1418 2174 eom-

234 2216 347 2296 muni
376 2216 577 2324 recipiant.
608 2216 839 2297 Oratorium
867 2218 1043 2322 insuper,
1073 2242 1146 2296 seu
1178 2216 1353 2323 Capella.
1383 2215 1417 2296 si

236 2342 451 2421 commode
479 2341 564 2421 fieri
592 2341 745 2447 poterit,
776 2341 825 2421 ed
855 2341 1038 2421 Novitios
1070 2343 1111 2420 in
1139 2327 1436 2448 Spiritualibus¹

236 2467 473 2574 praesertim
501 2467 785 2565 CaeremoniiS,
815 2480 853 2545 et
880 2465 1171 2548 Ecclesiasticis
1213 2465 1419 2545 functioni-

238 2591 317 2671 bus
344 2593 604 2690 exercendos,
633 2591 775 2672 hortus
803 2617 964 2698 quoque
983 2590 1194 2696 peculiaris
1224 2591 1274 2670 ad
1294 2589 1420 2669 hone-

239 2725 345 2796 stam
373 2715 661 2797 recreationem
690 2715 791 2796 bene
819 2716 1048 2814 conclusus,
1079 2723 1198 2821 atque
1239 2714 1420 2794 munitus

239 2841 353 2938 adsit3
383 2841 445 2920 sin
488 2842 634 2932 minus
664 2840 825 2920 hortum
854 2839 1024 2920 caeteris
1065 2838 1276 2919 Fratribus
1313 2864 1420 2918 com-

238 2991 406 3046 munem
435 2965 691 3046 recreationis
719 2975 899 3070 tempore
926 2963 1214 3069 ingrediantur.
1248 2965 1293 3042 ln
1321 2962 1420 3069 ipsis

239 3120 336 3172 vero
365 3092 534 3172 Novitiis
561 3091 614 3172 ibi
643 3090 1001 3190 commorantibus
1044 3090 1199 3170 curabit
1226 3089 1421 3194 Magister

240 3245 336 3299 cum
364 3218 462 3299 Loci
503 3216 731 3324 Superioris
774 3216 1006 3296 auctoritate
1050 3216 1100 3319 (si
1130 3225 1232 3320 opus'
1274 3213 1420 3316 fuerit),

238 3371 294 3426 ne
321 3344 361 3422 in
390 3343 577 3422 eumdem
606 3341 821 3448 quisquam
850 3339 953 3419 alius
990 3338 1243 3443 ingrediatur,
1287 3336 1422 3444 hujus-

237 3468 351 3550 modi
380 3471 537 3549 Loeum
564 3465 788 3546 Novitiatus
803 3463 951 3545 nemini
971 3463 1163 3570 ejusdem,
1178 3462 1241 3542 vel
1261 3460 1421 3541 alterius

239 3594 406 3676 Ordinis
448 3591 639 3697 Regulari
684 3591 802 3670 etiam
829 3591 1061 3671 Conventus
1103 3597 1141 3668 et
1176 3584 1420 3680 Monasterii,

239 3718 413 3804 Officieli
455 3716 536 3797 ullo
577 3742 757 3823 unquam
786 3722 968 3822 tempore
1010 3712 1087 3793 sub
1126 3711 1269 3819 quovis
1309 3735 1424 3818 prae—

237 3853 365 3944 textu,
395 3841 524 3923 editus
553 3848 695 3947 pateat,
725 3846 1022 3946 praeterquam
1041 3837 1240 3941 Magistro
1259 3835 1423 3940 ejusque

236 3969 372 4066 Sooio,
389 3995 437 4048 ac
464 3966 584 4047 etiam
614 3963 847 4046 Monasterii
868 3973 937 4043 aut
956 3963 1185 4042 Conventus
1204 3957 1421 4065 Superiori,

239 4097 276 4178 si
325 4093 661 4202 quandocumque
707 4088 1014 4193 ingrediendum
1061 4084 1136 4165 sibi
1192 4082 1422 4163 necessario

239 4217 540 4315 existimaverit,
570 4243 650 4322 quo
681 4224 815 4296 tamen
844 4239 943 4294 casu
971 4211 1144 4318 aliquem
1174 4232 1334 4314 semper
1373 4232 1424 4286 ex

238 4342 478 4430 Senioribus
506 4345 737 4424 Conventus
767 4338 827 4419 vel
871 4334 1105 4418 Monasterii
1148 4332 1335 4413 Patribus
1363 4357 1425 4410 so

240 4473 352 4553 cium
382 4478 572 4550 assumat.
622 4467 755 4574 Hujus
783 4463 880 4545 Loci
911 4461 1121 4541 clausurae
1166 4457 1290 4538 clavis
1318 4455 1424 4563 apud
