3550 5434
908 553 1067 610 -176-

401 732 490 812 dala
519 732 661 813 afferre
689 731 847 838 populis
857 759 867 829 ;
898 759 992 813 cum
1021 733 1167 812 domus
1202 757 1318 811 verae
1356 729 1578 810 observan-

401 856 488 955 tiae,
517 855 715 936 intereos
744 858 979 964 plenumque
1008 857 1193 938 existunt.

480 983 545 1062 Ex
563 988 675 1087 parte
693 981 908 1081 Ecclesiae,
925 990 964 1061 et
981 979 1213 1087 Religionis,
1230 980 1325 1087 quia
1345 978 1577 1088 hujusmodi

402 1105 632 1210 Religiosus
662 1132 791 1211 neque
824 1105 1037 1188 Ordinacio
1065 1105 1142 1185 loci
1170 1105 1436 1186 obedientiam
1465 1131 1578 1210 prae-

400 1233 489 1322 stat,
519 1252 648 1332 neque
666 1225 850 1306 Praelato
879 1226 1072 1332 Regulari
1107 1225 1371 1305 reverentiam
1400 1225 1575 1331 praebet.

481 1351 545 1428 Ex
565 1359 676 1456 parte
701 1349 920 1448 SocietatiS,
950 1353 1126 1447 demum,
1148 1350 1241 1456 quia
1259 1376 1408 1457 corpus
1427 1349 1576 1430 sociale

402 1472 610 1572 desiderat,
639 1481 682 1553 ut
709 1474 986 1582 unusquisque
1005 1474 1044 1554 in
1065 1500 1140 1554 suo
1165 1473 1303 1553 ordine
1331 1486 1502 1572 maneat,
1524 1501 1576 1554 ne

402 1597 653 1702 singulorum
691 1599 853 1702 graduS,
883 1611 921 1678 et
953 1599 1104 1679 classes
1133 1625 1206 1704 pco
1235 1598 1470 1679 contusione
1499 1607 1577 1678 tur-

401 1721 556 1819 bentur,
586 1731 624 1802 et
650 1724 833 1829 utrinque
870 1723 1002 1831 aliqua
1039 1723 1239 1830 suspectio
1275 1722 1425 1804 cincuat
1452 1749 1576 1830 quem

402 1843 574 1922 devoret.

480 1969 731 2049 praenotatis
760 1968 950 2049 omnihus
968 1976 1006 2048 et
1025 1968 1204 2074 singulis,
1230 1970 1352 2049 relate
1371 1971 1421 2050 ad
1442 1971 1575 2050 varias

402 2104 440 2173 et
447 2092 624 2172 minores
639 2092 1061 2180 Saecularizutiones;
1076 2093 1286 2174 veniamus
1302 2121 1409 2174 nunc
1420 2096 1469 2174 ad
1479 2095 1578 2174 Sue-

401 2217 736 2297 culariaott'onent
762 2221 975 2323 majorem,
1006 2245 1110 2325 quae
1139 2227 1199 2297 est
1223 2229 1431 2325 peqictua.

907 2672 941 2776 g.
975 2671 1068 2750 nn

448 2918 558 3008 Quid
582 2917 792 2996 dicendum
819 2917 868 2996 de
896 2917 1274 2997 Saecularisutione
1295 2919 1523 3048 perpetuq?

480 3212 583 3292 Cum
612 3209 853 3314 Religiosus,
892 3218 936 3290 ut
971 3211 1051 3291 iarn
1092 3211 1332 3308 notavimus
1369 3209 1575 3290 vocatione

401 3333 567 3429 deficiat,
595 3333 658 3413 vel
676 3335 852 3441 aliquam
880 3359 1046 3441 gravem
1067 3362 1233 3415 causam
1254 3334 1452 3442 praebeat,
1479 3342 1574 3414 tunc

401 3457 437 3536 ei
456 3466 725 3564 opportunum
746 3467 806 3540 est
819 3459 1049 3558 concedere,
1070 3466 1112 3540 ut
1130 3459 1361 3541 Claustrum
1379 3466 1574 3565 perpetuo

400 3582 608 3688 relinquat.

481 3705 682 3802 Quoniam
701 3705 797 3785 varii
818 3714 911 3785 sunt
930 3705 1230 3811 Religiosorum
1250 3706 1418 3810 gradus:
1439 3706 1574 3813 plures

401 3842 496 3913 sunt
522 3830 776 3938 quaestiones
804 3829 844 3909 in
870 3857 915 3910 ne
943 3831 1158 3912 faciendae.

480 3955 560 4061 ngi
589 3962 717 4062 potest
744 3981 882 4033 revera
920 3954 982 4034 vol
1019 3956 1068 4035 de
1095 3955 1318 4036 Sacerdote
1344 3955 1574 4035 solemniter

399 4083 583 4188 professo
604 4127 654 4140 -
674 4078 736 4158 vel
755 4079 804 4158 de
829 4079 1043 4160 Sacerdote
1060 4083 1300 4189 simpliciter
1318 4081 1501 4186 professo
1522 4125 1574 4138 -

400 4204 462 4287 vel
478 4207 527 4286 de
541 4193 807 4303 Subdiacono,
820 4212 887 4284 aut
900 4203 1080 4284 Diacono
1090 4207 1318 4285 solemniter
1329 4204 1513 4311 professo
1524 4251 1575 4264 —-

401 4331 462 4410 vel
475 4331 527 4410 de
541 4329 795 4410 Subdiacono
816 4336 852 4406 et
871 4328 1051 4408 Diacono
1070 4331 1309 4436 simpliciter
1323 4328 1507 4434 professo
1524 4374 1575 4387 —-

401 4454 463 4535 vel
491 4455 540 4534 de
567 4455 672 4533 luico
701 4451 931 4533 solemniter
959 4453 1142 4559 professo
1171 4501 1221 4512 -
1246 4451 1308 4532 vel
1327 4453 1497 4560 denique
1525 4453 1575 4532 de
