3550 5434
912 499 1053 555 -88-

397 705 419 756 r«
449 677 577 756 SSmi
607 677 697 756 nni
727 677 812 756 atri
842 725 892 737 -
921 681 1081 760 Romae
1107 681 1145 760 t.
1175 684 1281 787 Aug.
1323 682 1425 762 1698
1455 731 1506 743 -—
1534 693 1573 764 et

399 830 419 877 «
450 800 643 881 haetenus
663 829 791 908 usque
812 803 862 882 ad
891 803 997 883 diem
1017 805 1239 910 praesentis
1258 807 1415 910 Deereti
1430 835 1573 888 execu-

400 954 420 1001 «
449 924 543 1004 tiuni
572 952 655 1004 non
684 926 965 1008 demandatas:
995 928 1047 1008 ita
1062 939 1105 1009 ut
1132 931 1279 1008 nemini
1302 931 1418 1011 tinent
1433 931 1572 1012 iisdem

400 1077 419 1125 «
450 1050 611 1129 licentiis
629 1078 701 1129 sen
711 1051 978 1154 facultatibus
998 1054 1075 1132 utto
1095 1053 1212 1134 modo
1231 1057 1301 1153 nti,
1323 1064 1395 1135 niet
1414 1084 1573 1136 earum-

399 1203 419 1250 «
448 1173 537 1252 dem
578 1177 709 1279 oipore
752 1176 977 1284 qnempiam
1014 1165 1085 1264 acts
1104 1179 1283 1258 habiturn
1319 1180 1574 1260 Nooitiornnt

399 1327 419 1374 «
449 1301 637 1406 recipere,
668 1327 714 1379 ae
744 1300 777 1378 si
808 1326 979 1407 prorsus
1006 1328 1089 1380 non
1113 1311 1390 1383 emanassent:
1420 1314 1458 1384 et
1476 1304 1574 1385 nihi-

400 1453 420 1500 «
449 1424 627 1504 lominus
670 1429 910 1534 receptiones
952 1453 1242 1535 quascumque,
1286 1455 1409 1534 quae=
1435 1429 1573 1534 vigore

401 1579 420 1626 «
451 1550 690 1629 earumdem
718 1550 984 1657 imposterum
1013 1551 1165 1651 fierent,
1195 1553 1297 1633 sieut
1339 1562 1376 1633 et
1403 1554 1574 1660 Profes-

399 1702 419 1749 «
447 1675 588 1772 aiones,
620 1701 724 1782 quoe
752 1675 840 1754 inde
867 1681 1141 1783 sequerentur,
1167 1703 1317 1759 oanuno
1335 1703 1502 1775 NULLAS,
1520 1704 1574 1760 nn

401 1826 420 1874 «
450 1822 574 1893 amns,
595 1806 634 1877 et
651 1823 798 1880 manas
813 1829 868 1882 orn
896 1829 1000 1880 nnnc
1027 1801 1204 1881 ote'eernit
1232 1806 1351 1909 otqne
1365 1802 1574 1895 saccaron

399 1949 419 1997 «
449 1922 699 2005 Summanus
726 1952 822 2004 vero
851 1934 890 2005 et
917 1925 1017 2006 alios
1044 1951 1335 2033 quos-eumque,
1365 1927 1432 2034 qui
1451 1927 1573 2034 hujus

399 2074 419 2122 «
448 2048 606 2130 Deoreti
634 2058 958 2153 transgressores
987 2051 1195 2150 extiterint,
1220 2052 1358 2158 poenis
1386 2079 1458 2158 per
1500 2054 1574 2131 De

399 2198 419 2245 «
450 2180 557 2251 oreta
585 2173 795 2254 Generalis
823 2201 888 2254 sa:
920 2201 1005 2255 me:
1037 2175 1227 2256 Clement.
1258 2177 1362 2256 VIII.
1393 2203 1466 2283 pro
1495 2179 1573 2257 Re-

400 2322 420 2370 «
449 2295 687 2377 formatione
718 2298 980 2402 Regularium
1009 2325 1167 2383 conane
1195 2305 1571 2383 Rnemmnrnssmn

398 2449 419 2499 «
446 2447 641 2538 tamnus
659 2447 896 2506 naeumarn
914 2426 1109 2507 Novurms
1120 2453 1175 2507 an
1188 2450 1375 2507 naamon
1388 2453 1458 2506 sen
1472 2425 1572 2507 Pau

398 2580 418 2627 «
449 2575 666 2633 nnssmnnnt
694 2552 967 2648 mammen,
995 2553 1078 2659 ipso
1094 2554 1218 2656 sacto
1247 2559 1283 2630 et
1312 2552 1460 2658 absque
1487 2550 1571 2629 etia

399 2704 419 2752 «
448 2675 726 2756 declaratione
733 2660 957 2755 'subiacere
975 2676 1238 2773 inmnans,
1257 2676 1462 2769 Snanurn,
1481 2699 1570 2756 oon-

398 2829 418 2878 «
448 2825 747 2895 sunTUDnuBUS,
760 2801 923 2908 aliisque
937 2803 1241 2906 quibuscum-qne
1250 2800 1406 2879 minime
1416 2802 1571 2880 obstan-

399 2955 419 3004 «
449 2929 550 3005 tibus
579 2973 629 2982 —
658 2927 818 3006 Romae
846 2925 883 3004 7.
913 2923 1092 3006 Ianuarii
1124 2924 1228 3005 1700
1257 2957 1293 3004 n.

474 3091 586 3183 Quae
615 3085 895 3192 dispositiones
914 3085 1023 3165 nulla
1042 3085 1216 3190 indigent
1234 3083 1565 3190 interpretatione.

915 3409 951 3513 S·
980 3408 1049 3487 2³¹⁸

395 3603 466 3681 An
494 3601 594 3680 «toto
622 3601 778 3678 licentio
806 3599 1069 3707 Receptionis,
1114 3599 1373 3678 Postntentes
1414 3597 1573 3675 adntitti

499 3727 650 3832 possint
679 3723 736 3802 act
762 3725 941 3804 natitent
959 3724 1188 3829 reputarent
1205 3724 1288 3801 sine
1307 3723 1446 3801 titteris
1468 3723 1572 3800 testi·
1699 3717 1705 3723 ’

502 3850 736 3929 moniotibns
768 3848 1108 3928 Ordtnnrnrnmt

477 4045 574 4124 Pius
603 4045 715 4150 Papa
735 4041 816 4125 IX.
837 4043 876 4122 in
897 4045 1054 4124 decreto
1083 4042 1157 4123 diei
1186 4043 1238 4122 25
1265 4045 1355 4124 Jan.
1377 4040 1493 4140 1848,
1509 4041 1568 4120 in-

396 4169 582 4276 cipiente:
611 4168 790 4248 Romani
815 4168 1032 4272 Pontifices
1061 4165 1265 4273 sequentia
1294 4165 1447 4246 statuit:

532 4298 571 4374 1⁰
599 4297 644 4375 In
686 4320 943 4400 quocumque
985 4293 1146 4390 Ordine,
1193 4292 1388 4392 Instituta,
1431 4292 1572 4370 Mona-

396 4418 529 4516 sterio,
558 4420 620 4498 vel
649 4421 794 4517 Dema,
825 4418 976 4497 sivein
1016 4418 1064 4497 iis
1106 4416 1332 4497 emittantur
1372 4424 1464 4496 vota
1505 4442 1573 4495 so-
