3550 5434
15 1575 41 1898 ξ

14 1901 46 2266 Ξ

12 2487 33 2750 5

12 2759 47 2902 5·

12 2919 31 2940 Μ’

12 2941 35 3024 55

12 3025 39 3070 {aa

12 3161 38 3270 ᾗ.

12 3261 37 3356 5

12 3417 35 3582 ξι

12 3579 31 3648 ξ’,

12 3803 29 3862 5
46 3857 47 3862 Ν

12 3875 26 3920 ‘5

12 3921 25 3974 ξ,

12 3975 13 3982 ’
24 3973 31 4036 2

892 549 1067 627 ‘-1oo-

480 749 545 829 Ad
574 750 790 830 secundum
832 777 923 831 uero
952 750 1219 858 quaestionem
1261 751 1415 849 satisfit,
1449 754 1579 833 eonsi-

401 874 575 954 derando
605 922 656 934 ·-
685 877 793 982 quod
822 903 869 956 eo
899 877 1021 956 modo
1050 902 1131 982 quo
1159 876 1424 958 Provineieiis
1443 878 1494 957 ad
1513 904 1579 984 pe-

400 984 622 1102 ragendum
652 1027 823 1080 examen
853 1001 1066 1108 personale
1093 1001 1352 1086 Postulantis.
1391 1029 1485 1082 oum
1513 1002 1577 1082 vel

400 1123 451 1202 ob
471 1123 546 1204 loei
561 1125 802 1226 distantiam,
818 1128 879 1207 vel
896 1125 948 1206 ob
964 1125 1084 1206 aliam
1099 1125 1375 1206 rationabilem
1394 1153 1575 1226 eausam,

399 1249 533 1354 ipsum
561 1249 612 1328 ab
642 1277 809 1330 accessu
837 1249 1038 1357 personali
1066 1248 1300 1357 dispensare
1332 1249 1573 1348 iudicaverit,

399 1373 528 1454 valeat
555 1374 745 1480 deputare
772 1400 845 1481 pro
874 1374 979 1454 dioto
1008 1374 1194 1454 examine
1222 1374 1475 1478 Religiosum
1511 1377 1575 1454 sui

401 1497 574 1596 Ordinis,
604 1525 726 1605 quem
753 1499 793 1579 in
821 1499 997 1579 Domino
1041 1499 1226 1578 idoneum
1273 1526 1413 1579 revera
1446 1499 1577 1578 existi-

400 1623 568 1703 maverit
596 1670 647 1683 -
675 1623 952 1704 Examinatori
980 1623 1047 1730 qui
1068 1624 1217 1731 procul
1242 1652 1270 1702 α
1297 1625 1429 1705 Domo
1462 1651 1579 1703 scru-

399 1750 485 1827 tinii
509 1759 794 1845 commoratur,
824 1775 875 1828 ex
899 1748 1007 1854 justa
1035 1775 1171 1846 eausa,
1193 1748 1434 1829 substituere
1453 1775 1577 1854 posse

399 1871 552 1954 videtur
580 1871 701 1954 alium
731 1872 983 1976 Religiosum
1012 1872 1145 1953 virum
1174 1900 1292 1979 quem
1323 1872 1399 1952 sibi
1419 1882 1578 1952 constat

398 2025 488 2078 esse
507 1997 704 2078 idoneum.
721 1997 908 2077 Prudens
926 2005 1061 2076 tamen
1077 1997 1290 2077 eonsilium
1305 1998 1378 2076 erit
1397 2023 1485 2077 rem
1504 1998 1575 2077 de-

399 2125 502 2202 ferre
531 2124 581 2203 ad
609 2123 649 2203 S.
666 2122 825 2220 Sedem‚
856 2131 894 2203 et
922 2120 973 2201 ub
1001 2149 1050 2201 ea
1078 2121 1263 2229 excipere
1291 2121 1578 2228 dispositiones

478 2247 552 2325 Act
577 2249 737 2325 tertiam
765 2249 1034 2351 quaestionem
1061 2246 1232 2353 denique
1258 2247 1470 2352 responsio
1508 2246 1577 2326 ba-

399 2371 514 2451 betur
542 2371 580 2451 in
610 2379 680 2450 art.
710 2370 799 2450 XII.
841 2370 995 2476 primae
1037 2370 1161 2476 partis
1202 2371 1371 2468 Decreti
1417 2370 1457 2448 in
1494 2399 1576 2477 qua

399 2495 586 2591 sancitur,
602 2493 859 2602 Superiorem
878 2494 1129 2585 Generotem
1149 2495 1216 2601 qui
1236 2495 1450 2600 praefuerit
1469 2521 1576 2574 scru-

398 2621 505 2721 tinio,
535 2646 656 2727 posse
689 2619 958 2699 Condicionem
986 2647 1037 2700 ex
1065 2620 1179 2700 iustis
1207 2630 1245 2699 et
1273 2619 1575 2700 rationabilibus

399 2746 544 2845 oausiS,
578 2747 752 2842 reticere,
782 2743 871 2823 lieet
900 2745 1016 2824 fuerit
1043 2743 1094 2824 ab
1136 2744 1493 2824 Examinatoribus
1535 2745 1575 2823 in

398 2883 566 2978 utroque
585 2869 775 2948 scrutinio
789 2870 1010 2976 probatus:
1029 2885 1226 2952 nunouan
1244 2896 1341 2949 vero
1364 2869 1576 2948 adnuttere

399 3022 504 3082 eum,
535 2993 600 3100 qui
631 2993 745 3072 fuerit
774 2993 824 3072 ab
854 2992 1209 3074 Examinatoribus
1238 2996 1490 3101 reprobatus.

479 3118 554 3214 Qui
583 3143 704 3196 casus
732 3116 968 3223 plerumque
996 3117 1125 3197 solent
1153 3119 1327 3214 eveniro;
1357 3128 1395 3198 et
1413 3119 1452 3198 S.
1474 3121 1576 3197 Con-

399 3241 576 3346 gregatio
620 3241 747 3320 virtuti
791 3249 828 3319 et
869 3240 1115 3322 obedientiae
1152 3244 1489 3322 Examinatornm
1527 3269 1576 3322 ae

398 3365 653 3448 Generalium
684 3366 941 3446 concordiam
971 3367 1236 3447 commendat.
