3550 5434
1811 494 2100 550 -40-

789 674 1085 753 :tl-mitti
1141 673 1677 780 postulaverit,
1762 680 1839 752 et
1892 674 2071 753 talis
2128 671 2590 753 eruditionis
2682 699 2974 779 expers
3028 677 3145 754 in-

789 808 1066 877 ventus
1128 799 1354 877 fuerit
1407 798 1488 875 in
1545 799 2148 878 Conversorum
2241 805 2574 897 tantum,
2634 797 2927 902 quibus
2982 801 3146 881 lite-

789 950 1058 1002 rni-nm
1115 923 1442 1003 scientia
1498 949 1660 1002 non
1717 930 1839 1002 est
1897 921 2373 1020 necessaria,
2459 948 2892 1001 numerum
2949 927 3147 1006 refe-

793 1060 1025 1128 ratur.
1085 1048 1244 1154 Ipsi
1327 1055 1595 1127 autem
1681 1048 2066 1127 Conversi
2152 1073 2314 1126 non
2399 1045 2877 1152 recipiantur
2961 1061 3145 1130 ante

789 1174 1231 1264 s.-·[fsasinmm
1314 1174 1608 1251 aetatis
1699 1199 1898 1251 suae
1987 1171 2347 1267 Annum,
2445 1178 2520 1248 et
2610 1171 2763 1250 nisi
2856 1172 3145 1255 saltem

793 1296 1213 1402 praecipua
1268 1296 1699 1376 Doctrinae
1755 1295 2254 1377 Christianae
2310 1295 2586 1400 Capita
2641 1297 3030 1379 noverint.

953 1424 1301 1501 Demum
1391 1421 1865 1527 Superiores
1960 1420 2373 1525 diligenter
2467 1421 2891 1527 exquirant
2983 1450 3147 1530 quo

789 1548 1104 1652 &filiii-itu,
1166 1574 1325 1653 qua
1380 1555 1667 1643 mente,
1754 1573 1850 1627 ac
1907 1547 2308 1626 voluntate
2363 1545 2441 1625 id
2499 1546 2865 1650 regulare
2942 1549 3149 1629 vitae

793 1700 1046 1768 ,sis-nus
1139 1671 1540 1776 elegerint,
1637 1698 1882 1778 quem
1974 1670 2125 1751 sibi
2219 1671 2463 1750 finem
2558 1674 3146 1778 proposuerint,

797 1824 985 1876 imm
1045 1796 1217 1876 zelo
1305 1795 1660 1875 melioris
1719 1796 1997 1900 frugis,
2059 1823 2154 1874 ac
2212 1795 2719 1901 perfectionis
2776 1797 3003 1896 vitae,
3063 1807 3153 1879 ut

801 1928 965 2000 Ihm
1045 1919 1373 2000 liberius
1456 1920 1824 2000 famulari
1917 1919 2252 2027 possint,
2317 1945 2419 1998 an
2478 1919 2742 2025 potius
2813 1921 3150 2021 levitate,

805 2048 913 2124 *ml
977 2044 1330 2124 humano
1415 2044 1679 2152 aliquo
1766 2045 2077 2142 affectu,
2139 2053 2274 2123 aut
2328 2043 2780 2124 inordinato
2874 2046 3153 2125 Animi

801 2180 1017 2248 motu
1074 2169 1488 2271 ducantur,
1548 2180 1623 2248 et
1681 2197 1783 2249 an
1841 2196 2125 2249 eorum
2182 2169 2572 2249 Parentes
2629 2195 2782 2275 ope
2839 2180 2915 2250 et
2970 2170 3157 2251 sub-

797 2296 997 2372 sidio
1054 2293 1417 2400 ipsorum
1474 2294 1921 2399 indigentes
1979 2293 2531 2374 destituantur.

961 2417 1440 2498 provideant
1469 2445 1815 2525 quoque,
1841 2427 1927 2498 ut
1962 2445 2246 2498 omnes
2278 2417 2517 2498 etiam
2547 2419 2931 2500 Conversi
2960 2420 3161 2499 reci-

801 2542 1082 2648 pii-ndi,
1141 2542 1611 2650 priusquam
1650 2545 1750 2624 ad
1810 2543 2169 2623 habitum
2210 2541 2703 2646 Regularem
2734 2542 3161 2622 admittan-

805 2682 949 2764 Ιηγ,
1007 2665 1108 2745 ab
1165 2666 1261 2744 iis
1300 2665 1590 2772 quibus
1650 2693 1950 2747 munus
2003 2667 2158 2746 hoc
2213 2665 2623 2755 incumbit,
2685 2666 2782 2745 de
2839 2666 3160 2770 Regula

805 2816 1044 2892 quirun
1131 2791 1567 2894 professuri
1650 2800 1861 2890 sunt,
1950 2790 2204 2871 tribus
2287 2789 2491 2869 votis
2575 2788 3157 2885 essentialibuS,

805 2928 1169 3019 statuque
1225 2917 1631 3018 Regulari,
1692 2924 1767 2995 et
1820 2916 1991 2995 aliis
2032 2916 2418 3021 cuiusque
2459 2913 2782 2994 Ordinis
2823 2913 3163 3020 peculia-

809 3044 861 3116 ri
881 3040 889 3104 l
913 3065 1024 3116 *us
1057 3038 1459 3139 InstitutiS,
1484 3050 1557 3120 et
1580 3040 2291 3121 Constitutionibus
2324 3039 2737 3143 diligenter
2767 3040 3166 3119 instruan-

809 3180 953 3256 121223
993 3172 1068 3243 et
1096 3164 1281 3269 quia
1310 3168 1816 3271 quarundam
1847 3166 2365 3271 Religionum
2397 3164 2648 3245 moris
2678 3173 2821 3261 est,
2858 3166 3164 3246 nedum

805 3296 1260 3368 {liniversos
1318 3290 1418 3369 ad
1473 3291 2076 3372 professionem
2135 3290 2690 3389 admittendos,
2744 3315 3029 3368 verum
3086 3299 3166 3370 et

809 3416 897 3488 (111
925 3412 1140 3493 -latos
1169 3412 1280 3492 uti
1316 3425 1621 3516 vocant,
1660 3417 2027 3523 recipere,
2053 3417 2266 3496 circa
2295 3415 2661 3521 ipsorum
2684 3412 3159 3494 Oblatorum

817 3549 1362 3655 rwataptionem,
1405 3568 1887 3650 unaquaque
1925 3540 2237 3645 Religio
2271 3567 2464 3620 suas
2494 3539 2935 3647 peculiares
2962 3542 3166 3620 Con-

813 3673 1274 3765 alitationes,
1309 3668 1841 3778 specialiaque
1898 3666 2257 3745 Instituta
2288 3665 2722 3745 observare
2778 3670 3159 3744 teneatur.

969 3799 1250 3879 Statim
1335 3805 1570 3901 atque
1654 3792 1943 3872 Novitii
2004 3792 2103 3873 ad
2161 3789 2518 3871 habitum
2575 3789 2889 3896 recepti,
2950 3795 3025 3868 et
3079 3787 3161 3865 in

821 3928 1121 4002 {sticum
1179 3919 1626 4001 Novitiatus
1682 3916 2100 3996 introducti
2161 3915 2470 4011 fuerint,
2504 3940 2645 4020 per
2702 3913 3164 4017 generalem

817 4042 1174 4121 ..annium
1231 4047 1742 4149 peccatorum
1801 4036 2407 4117 Confessionem
2463 4034 2702 4114 totius
2760 4040 3166 4113 anteactae

825 4172 1018 4247 uitae
1071 4164 1661 4247 Conscientiam
1718 4161 2162 4260 discutiant,
2224 4169 2457 4265 atque
2516 4167 2988 4265 expurgent.

973 4293 1203 4388 Quod
1285 4316 1479 4370 vero
1564 4289 1665 4368 ad
1748 4287 1943 4367 Loci
2046 4284 2505 4391 qualitatem
2589 4284 3165 4388 uniscujusque

825 4416 1260 4496 Nix-*itiatus
1316 4422 1641 4521 spectat,
1674 4415 1946 4493 Locus
2003 4409 2461 4516 hujusmodi
2522 4407 2841 4515 propria
2899 4406 3170 4485 Claus-
