3550 5434
894 585 1057 639 -218-

465 763 621 860 Quibus
637 761 793 857 notatis,
810 761 976 868 planum
997 772 1068 864 est,
1089 765 1318 868 Religiosos
1333 765 1414 843 sice
1431 763 1564 842 adbuc

388 892 429 966 in
453 889 673 979 Claustriffi
692 888 777 966 sive
791 887 968 994 Ejeclos,
986 898 1054 969 aut
1072 889 1114 968 F
1113 891 1297 993 upilione,
1320 889 1440 970 etiam
1454 888 1563 995 Apo-

384 1021 514 1093 states
555 1040 634 1092 non
667 1039 785 1119 posse
812 1038 934 1094 axau
962 1016 1011 1094 ad
1041 1014 1139 1093 alias
1178 1012 1444 1118 Regularium
1485 1013 1566 1091 Re-

385 1138 552 1242 ligiones
582 1140 823 1242 confugere:
862 1165 981 1218 secus
1019 1139 1128 1218 enim
1169 1138 1313 1217 debere
1357 1136 1566 1218 Praelatos

386 1263 677 1371 cujuscumque
704 1262 926 1367 Religionis
952 1291 1086 1344 orienes
1111 1272 1148 1343 et
1167 1265 1345 1368 stapulas
1364 1263 1564 1369 praefatos

386 1387 613 1491 Religiosos
642 1386 880 1494 compellere
909 1388 967 1466 ed
999 1387 1259 1483 redeundum,
1303 1414 1353 1465 ne
1395 1386 1565 1490 vagandi

386 1512 640 1591 occasionem
668 1510 871 1609 habentes,
903 1513 1086 1618 propriae
1115 1511 1255 1592 salutis
1284 1510 1564 1590 detrimentum

386 1636 600 1733 incurrant,
631 1646 674 1717 ut
702 1636 842 1716 dicitur
861 1638 901 1716 in
924 1637 1048 1742 Capit.
1079 1637 1146 1716 fin.
1176 1636 1215 1716 h.
1244 1643 1271 1714 t.
1289 1683 1339 1694 -
1358 1634 1476 1714 Ratio
1492 1642 1562 1732 est,

387 1761 481 1867 quia
509 1761 740 1864 Religiosus
768 1788 892 1840 causa
920 1764 1000 1842 coti
1036 1761 1286 1842 obedienciae
1305 1758 1565 1865 personaliter

387 1885 588 1989 obligatus
608 1894 668 1964 est
686 1885 872 1965 Praelato
892 1912 967 1965 suo
986 1886 1173 1990 regulari.
1190 1885 1295 1965 Hinc
1310 1884 1435 1965 Clam.
1456 1883 1492 1960 X
1499 1884 1562 1962 ΙΙΙ.

387 2011 451 2090 die
484 1997 537 2088 11
565 2037 658 2114 nep.
690 2010 807 2090 1758
838 2011 1008 2116 loquens
1047 2011 1095 2089 de
1133 2011 1483 2090 Coueucmmruus
1510 2005 1568 2085 ed

388 2135 497 2231 alies
525 2135 797 2238 Repulurium
831 2135 1076 2238 Relipionea
1107 2134 1313 2239 sequentia
1342 2131 1474 2232 edixit,
1504 2132 1567 2210 de-

387 2259 511 2339 crevit
529 2306 580 2318 -
596 2258 796 2337 statuit-
817 2287 837 2335 «
852 2259 1078 2363 Regulares
1098 2259 1217 2338 unius
1237 2257 1458 2362 Religionis
1479 2281 1567 2336 cen-

391 2413 412 2458 «
429 2382 642 2485 sepientes
671 2381 720 2460 ad
754 2382 969 2480 Ecclesias,
991 2390 1028 2460 et
1070 2381 1362 2461 Monasterium
1404 2379 1566 2460 alterius

392 2536 412 2583 «
442 2505 661 2610 Religionis
689 2505 839 2584 restitui
878 2505 1012 2585 deberi
1054 2505 1337 2612 Superioribus
1379 2505 1565 2611 propriae

391 2660 412 2708 «
440 2629 661 2734 Religionis
689 2658 713 2710 a
740 2628 935 2710 Praelatis
964 2629 1125 2710 alterius
1145 2630 1380 2735 Religionis,
1401 2631 1452 2709 ad
1472 2653 1567 2736 quo-

392 2786 411 2831 «
440 2782 532 2834 rum
561 2755 763 2835 Ecclesias
801 2764 838 2834 et
876 2755 1124 2834 Monosteria
1166 2753 1413 2858 confugiunt,
1456 2778 1566 2859 prae-

393 2913 411 2956 «
442 2881 532 2959 stite
560 2888 695 2959 tamen
732 2879 783 2960 ab
820 2880 962 2959 iisdem
1005 2879 1288 2984 Superioribus
1331 2879 1564 2982 Confugen-

394 3041 413 3080 ,ι
441 3003 541 3082 tium
565 3003 804 3108 juramenta,
834 3011 871 3082 et
901 3003 1001 3082 facta
1029 3003 1269 3106 obligatione
1297 3005 1346 3084 de
1366 3002 1566 3082 servanda

392 3159 412 3205 «
442 3126 689 3207 immunitate
717 3126 997 3225 ecelesiastica,
1028 3129 1141 3208 etde
1179 3127 1424 3207 restituendo
1466 3129 1567 3207 Con-

394 3283 413 3328 «
445 3251 640 3356 fugientes
669 3252 869 3357 praefatos
898 3251 1100 3348 Ecclesiis‚
1130 3251 1192 3330 vel
1222 3251 1486 3348 monasteriis,
1517 3250 1568 3328 ad

395 3407 414 3452 ι(
444 3402 546 3481 quae
574 3375 820 3480 confugiunt,
849 3403 948 3455 casu
977 3402 1056 3481 quo
1091 3377 1388 3482 procedendum
1428 3375 1478 3454 sit
1515 3373 1566 3452 ad

394 3529 414 3578 «
444 3527 596 3607 poenas
624 3501 853 3606 corporales
882 3501 1054 3580 carceris
1088 3501 1278 3606 perpetui,
1300 3507 1337 3580 et
1356 3501 1567 3580 triremum

394 3655 414 3702 «
443 3634 605 3732 propter
633 3625 773 3706 delicta
792 3626 841 3705 ab
862 3627 960 3733 ipsis
981 3625 1303 3730 confugientibus
1324 3625 1567 3706 o‘ommissa:

394 3780 415 3826 «
444 3777 561 3829 secus
604 3749 636 3828 si
678 3749 752 3856 ipsi
786 3751 1025 3857 Superiores
1054 3750 1271 3856 procedere
1299 3750 1489 3830 deberent
1517 3748 1568 3827 ad

393 3903 414 3951 «
443 3901 595 3980 poenas
623 3874 858 3974 ordinarias,
893 3884 929 3954 et
971 3877 1021 3956 ad
1064 3874 1353 3956 correctionem
1394 3871 1570 3977 Regula-

398 4032 417 4076 «
446 3998 551 4078 rium
571 4026 643 4104 per
657 3999 967 4080 Constitutiones
983 3999 1144 4080 Ordinis
1160 3998 1438 4105 praescriptas,
1455 3999 1570 4104 cujus

395 4124 500 4202 «rei
530 4123 741 4203 declaratio
771 4124 820 4203 ad
841 4123 1111 4203 definitorium
1125 4123 1389 4218 provinciale,
1419 4122 1480 4201 vel
1500 4121 1569 4201 ubi

395 4248 538 4328 «illud
567 4274 649 4327 non
678 4249 805 4348 fuerit,
835 4249 885 4328 ad
923 4248 1143 4329 Consilium
1187 4251 1418 4328 Conventus
1460 4272 1570 4352 spec-

396 4372 549 4452 «tabit.
579 4374 696 4468 Quod
737 4373 770 4451 si
812 4373 981 4452 constito
1024 4372 1246 4476 Regulares
1288 4371 1564 4476 confugientes

396 4525 416 4575 «
444 4522 595 4604 poenas
623 4497 830 4577 dumtaxat
858 4497 1093 4595 ordinarias,
1114 4505 1151 4576 et
1165 4523 1236 4604 per
1257 4495 1566 4578 Constitutiones
