3550 5434
905 484 1046 538 -92..

391 663 524 757 editis;
567 662 756 743 Clement.
798 665 903 744 VIII.
947 671 984 742 et
1022 663 1235 745 Innocentii
1276 664 1365 743 XII.
1404 687 1565 769 semper

389 788 646 895 praescripta,
678 799 714 868 et
756 774 1040 894 Superioribus
1084 788 1247 869 Ordinis
1284 787 1564 867 commendata

390 915 589 1018 diligentia
605 941 651 992 ao
673 913 871 1017 vigilantia
892 914 1027 1020 quoad
1047 914 1334 994 admissionem
1352 913 1562 993 Minorem

389 1039 428 1117 in
457 1039 675 1120 Claustris:
705 1048 839 1118 tamen
868 1066 892 1119 a
920 1039 1101 1146 pluribus
1120 1040 1237 1119 annis
1250 1037 1472 1118 introducta
1492 1037 1562 1117 luit

388 1163 544 1243 licentia
571 1163 784 1270 reeipiendi
815 1165 1101 1244 aldolesoentes
1130 1165 1252 1243 laicos
1282 1190 1361 1243 non
1385 1172 1427 1243 ut
1459 1162 1561 1242 Con-

389 1316 534 1388 uersus,
564 1291 636 1369 sed
663 1298 706 1370 ut
733 1290 963 1388 Tattenos,
994 1290 1174 1387 Oblatos,
1204 1292 1423 1370 Donatos...
1467 1286 1560 1368 reoi-

388 1414 519 1520 piendi
549 1413 879 1494 Aclotesoentulos
907 1415 1082 1495 Clerieos
1110 1414 1167 1493 ad
1192 1414 1369 1492 labeum
1408 1412 1561 1492 Proba-

389 1537 507 1616 tionis
536 1545 573 1616 et
602 1563 726 1642 parva
754 1543 863 1614 veste
901 1535 940 1613 in
970 1535 1151 1616 fraudem
1194 1535 1306 1639 legis„
1349 1544 1388 1614 et
1423 1541 1563 1614 eontra

389 1661 617 1742 sanctiones
645 1661 873 1742 canonicas

441 1786 626 1865 Clemens
655 1787 766 1892 Papa
796 1785 846 1864 X.
879 1832 929 1844 -
959 1784 1009 1864 ad
1039 1783 1295 1891 extirpandos
1315 1791 1562 1863 memoratos

389 1909 611 1989 abusus-
632 1912 823 1990 Decreto:
852 1909 917 1988 De
944 1936 1022 1988 non
1043 1909 1272 2018 recipiendis
1301 1911 1411 1987 intra
1443 1907 1561 1987 Curu-

388 2041 479 2113 εἶπα
494 2040 578 2111 tom
595 2033 768 2122 Clericus
779 2061 902 2140 quam
915 2035 1048 2131 laicos,
1065 2033 1167 2114 edito
1182 2034 1243 2112 die
1259 2033 1312 2112 16
1322 2032 1436 2136 Majt
1447 2031 1560 2111 1675

388 2205 439 2217 -
472 2191 493 2236 «
513 2159 719 2265 Praecepit
738 2158 777 2238 in
798 2158 939 2239 virtute
956 2160 1126 2239 Sanctae
1146 2158 1413 2258 Obedientiae,
1435 2156 1560 2237 omni·

392 2311 413 2360 «
441 2283 517 2363 bus
547 2289 585 2362 et
620 2281 788 2387 singulis
824 2281 1107 2389 Superioribus
1145 2283 1420 2380 GeneralibuS,
1457 2281 1560 2362 Pro-

392 2437 411 2486 «
441 2405 686 2505 vinoiulibus,
716 2416 754 2486 et
782 2405 1013 2502 LooalibuS,
1042 2435 1298 2514 quocumque
1332 2407 1495 2487 nomine
1521 2415 1572 2486 et·

391 2562 411 2610 «
440 2532 550 2612 titulo
580 2531 802 2639 appellatis
823 2559 1157 2640 quorumcumque
1180 2533 1375 2613 Ordinem
1394 2562 1443 2613 ue
1462 2533 1559 2614 Con-

392 2689 412 2736 «
438 2661 718 2763 propellentem
746 2661 830 2737 tum
859 2657 1178 2736 Mendiountium
1196 2686 1317 2764 quam
1335 2685 1415 2738 non
1442 2659 1558 2737 Men·

391 2812 410 2859 «
440 2782 668 2878 «licentium,
701 2790 744 2861 ut
772 2785 821 2862 de
850 2791 1008 2862 coetero
1035 2785 1227 2862 nominem
1253 2809 1327 2889 pro
1342 2783 1557 2883 TertiariiS‚

391 2937 411 2985 «
441 2908 502 2985 vel
532 2906 697 3004 oblatis,
726 2933 799 2986 seu
828 2908 997 2987 Donalis
1026 2913 1093 2985 aut
1120 2907 1362 3006 commissis
1393 2908 1454 2986 vel
1472 2909 1559 2988 Ser-

391 3062 411 3110 «
440 3029 649 3130 uentibus,
680 3057 753 3109 neo
781 3057 854 3137 pro
879 3030 1129 3135 Hospitibus,
1150 3058 1222 3110 seu
1243 3031 1557 3132 postulantibus

390 3185 409 3232 «
441 3154 501 3235 vel
530 3154 768 3235 Cantoribus
797 3162 864 3235 aut
893 3154 970 3235 alio
998 3182 1254 3263 quocumque
1281 3158 1444 3237 nomine
1463 3184 1560 3236 nun-

390 3309 410 3356 «
436 3269 605 3385 'eupatis
636 3307 682 3358 ao
711 3279 856 3386 quovis
884 3279 1021 3359 habitu
1050 3281 1208 3378 indutis,
1236 3281 1299 3361 vel
1335 3281 1557 3381 induendis

390 3433 410 3482 «
439 3403 516 3484 sul>
545 3403 688 3509 quovis
716 3412 937 3510 praetextu,
965 3404 1027 3484 vel
1049 3432 1185 3502 eausa,
1206 3413 1274 3484 aut
1293 3406 1473 3511 quaesito
1492 3432 1559 3486 oo-

389 3557 409 3606 «
430 3528 515 3607 lore
542 3529 731 3635 recipiant
759 3556 832 3608 seu
861 3529 1069 3610 admittant
1095 3546 1149 3602 uu
1168 3545 1438 3603 flammulam«
1456 3529 1558 3612 intra

389 3683 409 3732 «
438 3652 621 3734 Claustra
649 3656 725 3733 nisi
759 3655 1002 3760 Vipesimum
1028 3657 1172 3734 aetatis
1199 3682 1297 3733 suae
1326 3683 1474 3734 annum
1493 3682 1560 3736 ex-

388 3808 408 3856 «
438 3779 612 3885 pleverit,
657 3805 880 3885 omnesque
908 3780 981 3859 sio
1008 3786 1201 3885 receptos,
1245 3806 1317 3858 seu
1356 3780 1560 3860 admissos

388 3931 408 3980 «
440 3903 504 4008 (iis
523 3911 677 3982 tantum
697 3903 885 4010 exceptis,
907 3903 974 4010 qui
996 3905 1189 4012 completa
1207 3913 1340 3985 aetate
1358 3931 1560 3984 annorum

388 4057 407 4104 «
438 4027 656 4132 quindecim
683 4053 761 4110 PRO
791 4031 986 4125 Cnnmum,
1015 4056 1088 4108 seu
1117 4029 1310 4110 Choristis
1348 4029 1387 4109 in
1421 4013 1559 4108 habitu

387 4180 406 4226 «
439 4151 692 4231 Novitiorum
722 4182 875 4233 annum
901 4153 1157 4234 Probationis
1186 4155 1324 4258 agunt)
1353 4182 1375 4233 a
1412 4154 1559 4233 Morta·

387 4303 407 4352 «
437 4276 569 4354 storiis
584 4303 656 4354 seu
671 4277 863 4357 Domitius
877 4277 1148 4383 Repularibus
1164 4280 1320 4357 omnino
1336 4286 1556 4378 amoaeant,

388 4429 408 4476 «
437 4407 474 4478 et
502 4399 657 4479 eliciant
684 4399 786 4480 intra
817 4401 1032 4480 terminum
1061 4402 1235 4481 duorum
1266 4402 1467 4483 mensium
1495 4402 1556 4482 in·
