3550 5434
738 539 901 592 -143-

314 718 429 814 Quod
466 719 501 798 si
537 718 739 826 simplices
777 717 971 822 Religiosi
1013 718 1180 823 pecunia
1217 716 1406 821 indigent,

232 871 359 924 eausa
379 841 638 923 subveniendi
653 843 884 950 parentibus
899 850 967 922 aut
985 841 1071 922 aliis
1086 840 1408 945 consanguineis

227 975 326 1046 tunc
346 975 500 1073 oportet
528 967 790 1072 distinguere:
820 977 956 1047 utrum
974 964 1053 1046 sint
1071 967 1121 1046 de
1140 966 1289 1046 Ordine
1309 968 1407 1046 Pos-

227 1091 450 1171 sidentium
469 1090 530 1171 vel
558 1092 906 1172 Mendicantium:
927 1099 965 1171 et
983 1117 1056 1198 pro
1076 1093 1231 1171 Primis
1252 1091 1407 1170 licentia

230 1217 350 1295 datur
369 1217 415 1295 P.
435 1215 689 1316 Prouinciali,
711 1246 729 1292 «
752 1217 819 1324 qui
839 1217 1009 1296 constito
1029 1216 1104 1296 sibi
1124 1217 1173 1296 de
1191 1216 1407 1320 indigentia

232 1371 252 1416 «
285 1341 602 1447 propinquorum
631 1349 848 1432 oratorum,
883 1341 1024 1421 iisdem
1061 1342 1286 1421 facultatem
1316 1367 1407 1420 con-

232 1498 250 1538 «
285 1466 398 1544 cedat
417 1465 466 1544 ad
486 1467 720 1565 triennium,
742 1465 817 1546 illis
837 1493 965 1572 usque
985 1466 1034 1545 ed
1053 1465 1212 1546 tertium
1236 1466 1406 1571 gradum

230 1618 252 1666 a
284 1589 476 1670 inclusive
491 1590 564 1669 sibi
585 1591 828 1696 Conjunctis,
849 1590 1121 1688 subveniendi,
1141 1593 1254 1671 salua
1273 1600 1407 1669 tamen

232 1746 253 1790 «
285 1715 367 1818 leqe
377 1714 577 1822 Depositis
594 1723 748 1796 temate
761 1744 919 1796 stenima
934 1727 976 1794 in
990 1743 1227 1824 cupressum
1237 1743 1406 1796 causam

230 1865 250 1912 ‹«
285 1839 498 1942 quotannis
527 1839 802 1946 impendendm
823 1847 943 1946 atque
962 1839 1151 1920 adhibitis
1172 1841 1336 1920 cautelis
1356 1867 1404 1918 nc

231 1990 252 2036 «
285 1960 483 2040 scandula
511 1964 702 2042 oriantur
728 1993 762 2042 n.

310 2086 392 2163 Pro
421 2086 617 2167 Secundis
637 2114 745 2185 vero,
768 2087 937 2192 benigne
957 2089 1215 2169 committitur
1234 2090 1280 2169 P.
1301 2091 1403 2169 Pro-

226 2207 397 2304 vinciat,
430 2238 449 2286 u
480 2217 522 2288 ut
562 2211 731 2290 constito
767 2212 841 2291 sibi
870 2215 921 2293 de
948 2239 1043 2292 vera
1071 2213 1286 2316 indigentia
1314 2240 1406 2319 pro-

231 2361 251 2407 «
278 2331 519 2438 pinquorum
535 2342 752 2435 oratorum,
765 2362 837 2440 pro
854 2362 930 2415 suo
942 2335 1103 2415 arbitrio
1115 2337 1402 2415 etconscientia

228 2455 413 2535 «iisdem
441 2456 666 2538 [acuitatem
694 2461 886 2540 concedat
914 2461 963 2540 ad
984 2460 1307 2567 quinquennium,
1329 2461 1404 2540 illis

228 2609 248 2656 ι(
282 2606 409 2686 usque
429 2581 478 2662 ad
498 2583 657 2663 tertium
676 2587 847 2688 gradum
863 2584 1056 2664 inclusive
1076 2584 1149 2664 sibi
1171 2585 1404 2691 conjunctis,

230 2735 249 2780 «
284 2705 543 2786 subveniendi
573 2707 763 2812 pecuniis
794 2737 897 2815 quae
917 2735 998 2817 pre
1030 2709 1229 2789 Concentu
1252 2709 1313 2788 vel
1334 2711 1406 2790 Or-

229 2859 248 2904 «
282 2829 372 2908 dine
391 2829 578 2934 elargitae
598 2858 679 2910 non
701 2833 861 2930 fuerint;
893 2860 1073 2941 quasque
1093 2842 1273 2930 oratores
1299 2836 1405 2940 apud

229 2983 249 3029 «
273 2979 318 3032 se
338 2980 419 3033 non
438 2955 642 3054 retineant,
664 2959 734 3038 sed
755 2985 878 3065 penes
893 2958 1111 3064 Syndicum
1129 2960 1404 3066 apostolicum,

228 3107 248 3152 «
284 3077 342 3156 rel
371 3079 457 3185 ejus
477 3079 750 3180 substitutum,
779 3093 846 3162 aut
866 3086 1041 3164 amicum
1069 3084 1315 3191 spiritualem
1343 3086 1406 3164 de-

229 3231 248 3275 «
283 3211 451 3307 ponant;
482 3212 598 3311 atque
627 3205 666 3284 in
686 3233 848 3286 summa
878 3235 900 3287 a
929 3208 1123 3315 superiori
1153 3209 1267 3289 loculi
1296 3236 1407 3315 prae-

226 3354 248 3400 «
280 3326 389 3405 finita
417 3328 457 3407 in
486 3355 723 3435 expressam
743 3359 910 3411 causum
939 3341 1228 3437 erogantium
1258 3360 1404 3439 oppor-

228 3480 248 3526 «
279 3451 384 3529 tunis
404 3453 580 3552 cautelis,
602 3481 652 3534 na
672 3457 862 3536 scandala
891 3457 1086 3555 oriantur3
1117 3485 1239 3565 super
1259 3459 1405 3566 quibus

229 3602 251 3649 ι(
281 3577 517 3656 eorumdem
547 3577 790 3658 conscientia
820 3587 1009 3660 oneratur
1036 3608 1072 3660 n.

310 3697 565 3779 Conditiones
577 3683 656 3781 'his
672 3701 824 3782 similes
845 3714 1100 3810 apponuntur
1116 3706 1287 3802 indultis,
1313 3731 1405 3786 cum

226 3820 412 3904 tribuitur
452 3824 650 3929 religiosis
678 3826 833 3906 licentia
871 3829 1064 3910 retinendi
1092 3831 1303 3938 pecuniam
1332 3856 1405 3936 pro

227 3946 316 4026 suis
344 3951 658 4053 necessitatibus,
688 3979 735 4031 ao
763 3956 999 4060 praesertim
1020 3982 1100 4065 pro
1131 3955 1316 4036 curanda
1343 3983 1407 4037 oa-

229 4070 409 4151 latudine.

309 4196 577 4278 Proindetam
589 4200 1405 4311 ProcuraG.lis,quamProvincialis,sive
1442 4284 1444 4294 .

224 4321 510 4403 Conventualis
540 4327 745 4432 capsulam
774 4327 922 4408 habere
942 4329 1122 4429 debeant,
1153 4335 1193 4410 in
1220 4361 1300 4438 qua
1342 4359 1406 4438 pe-

224 4444 384 4540 cuniae,
397 4457 627 4552 proventus
644 4477 803 4550 censue,
816 4451 1094 4560 eleemosynae
1108 4456 1403 4561 religiosorum,
