<?xml version="1.0" encoding="UTF-8"?>
<!DOCTYPE html PUBLIC "-//W3C//DTD XHTML 1.0 Transitional//EN"
    "http://www.w3.org/TR/xhtml1/DTD/xhtml1-transitional.dtd">
<html xmlns="http://www.w3.org/1999/xhtml" xml:lang="en" lang="en">
 <head>
  <title>
</title>
<meta http-equiv="Content-Type" content="text/html;charset=utf-8" />
  <meta name='ocr-system' content='tesseract 3.04.00' />
  <meta name='ocr-capabilities' content='ocr_page ocr_carea ocr_par ocr_line ocrx_word'/>
</head>
<body>
  <div class='ocr_page' id='page_1' title='image "./dejurepracticor00nervgoog_0024.png"; bbox 0 0 3550 5434; ppageno 0'>
   <div class='ocr_carea' id='block_1_1' title="bbox 32 2 864 154">
    <p class='ocr_par' dir='ltr' id='par_1_1' title="bbox 32 2 864 154">
     <span class='ocr_line' id='line_1_1' title="bbox 32 2 864 154; baseline 0 5280"><span class='ocrx_word' id='word_1_1' title='bbox 32 2 864 154; x_wconf 95' lang='lat' dir='ltr'> </span> 
     </span>
    </p>
   </div>
   <div class='ocr_carea' id='block_1_2' title="bbox 1706 567 1994 621">
    <p class='ocr_par' dir='ltr' id='par_1_2' title="bbox 1706 567 1994 621">
     <span class='ocr_line' id='line_1_2' title="bbox 1706 567 1994 621; baseline 0 -14"><span class='ocrx_word' id='word_1_2' title='bbox 1706 567 1994 621; x_wconf 75' lang='lat'>-22-</span> 
     </span>
    </p>
   </div>
   <div class='ocr_carea' id='block_1_3' title="bbox 657 741 3037 4574">
    <p class='ocr_par' dir='ltr' id='par_1_3' title="bbox 657 741 3032 1846">
     <span class='ocr_line' id='line_1_3' title="bbox 669 741 3025 852; baseline 0.002 -31"><span class='ocrx_word' id='word_1_3' title='bbox 669 741 998 823; x_wconf 86' lang='lat' dir='ltr'>arbitrio</span> <span class='ocrx_word' id='word_1_4' title='bbox 1055 769 1231 840; x_wconf 85' lang='lat' dir='ltr'>SUO,</span> <span class='ocrx_word' id='word_1_5' title='bbox 1274 769 1531 849; x_wconf 87' lang='lat' dir='ltr'>neque</span> <span class='ocrx_word' id='word_1_6' title='bbox 1589 745 1966 824; x_wconf 89' lang='lat' dir='ltr'>eumdem</span> <span class='ocrx_word' id='word_1_7' title='bbox 2006 745 2349 852; x_wconf 80' lang='lat' dir='ltr'>saepius,</span> <span class='ocrx_word' id='word_1_8' title='bbox 2390 746 2794 827; x_wconf 75' lang='lat' dir='ltr'>Licentiae</span> <span class='ocrx_word' id='word_1_9' title='bbox 2833 772 3025 825; x_wconf 87' lang='lat' dir='ltr'>vero</span> 
     </span>
     <span class='ocr_line' id='line_1_4' title="bbox 657 868 3029 972; baseline -0 -25"><span class='ocrx_word' id='word_1_10' title='bbox 657 868 1090 972; x_wconf 75' lang='lat' dir='ltr'>generales</span> <span class='ocrx_word' id='word_1_11' title='bbox 1147 868 1490 948; x_wconf 84' lang='lat' dir='ltr'>exeundi</span> <span class='ocrx_word' id='word_1_12' title='bbox 1549 869 1740 948; x_wconf 90' lang='lat' dir='ltr'>nulli</span> <span class='ocrx_word' id='word_1_13' title='bbox 1803 870 2131 949; x_wconf 92' lang='lat' dir='ltr'>omnino</span> <span class='ocrx_word' id='word_1_14' title='bbox 2198 871 2759 952; x_wconf 77' lang='lat' dir='ltr'>concedantur.</span> <span class='ocrx_word' id='word_1_15' title='bbox 2818 872 3029 950; x_wconf 89' lang='lat' dir='ltr'>Con-</span> 
     </span>
     <span class='ocr_line' id='line_1_5' title="bbox 672 991 3028 1099; baseline -0 -26"><span class='ocrx_word' id='word_1_16' title='bbox 672 991 1203 1073; x_wconf 86' lang='lat' dir='ltr'>travenientes</span> <span class='ocrx_word' id='word_1_17' title='bbox 1261 1001 1528 1072; x_wconf 87' lang='lat' dir='ltr'>autem</span> <span class='ocrx_word' id='word_1_18' title='bbox 1586 1020 1846 1099; x_wconf 90' lang='lat' dir='ltr'>poena</span> <span class='ocrx_word' id='word_1_19' title='bbox 1904 994 2130 1098; x_wconf 84' lang='lat' dir='ltr'>gravi</span> <span class='ocrx_word' id='word_1_20' title='bbox 2199 995 2436 1074; x_wconf 90' lang='lat' dir='ltr'>etiam</span> <span class='ocrx_word' id='word_1_21' title='bbox 2493 992 2863 1089; x_wconf 76' lang='lat' dir='ltr'>carceriS,</span> <span class='ocrx_word' id='word_1_22' title='bbox 2926 992 3028 1073; x_wconf 90' lang='lat' dir='ltr'>ad</span> 
     </span>
     <span class='ocr_line' id='line_1_6' title="bbox 671 1115 3030 1225; baseline 0 -29"><span class='ocrx_word' id='word_1_23' title='bbox 671 1115 1124 1222; x_wconf 90' lang='lat' dir='ltr'>Superioris</span> <span class='ocrx_word' id='word_1_24' title='bbox 1184 1116 1600 1197; x_wconf 74' lang='lat' dir='ltr'>arbitrium</span> <span class='ocrx_word' id='word_1_25' title='bbox 1657 1117 2122 1225; x_wconf 86' lang='lat' dir='ltr'>plectantur,</span> <span class='ocrx_word' id='word_1_26' title='bbox 2184 1120 2554 1199; x_wconf 87' lang='lat' dir='ltr'>eamdem</span> <span class='ocrx_word' id='word_1_27' title='bbox 2625 1118 2859 1199; x_wconf 89' lang='lat' dir='ltr'>etiam</span> <span class='ocrx_word' id='word_1_28' title='bbox 2918 1119 3030 1196; x_wconf 89' lang='lat' dir='ltr'>Ia-</span> 
     </span>
     <span class='ocr_line' id='line_1_7' title="bbox 675 1239 3025 1337; baseline -0 -18"><span class='ocrx_word' id='word_1_29' title='bbox 675 1240 884 1320; x_wconf 87' lang='lat' dir='ltr'>nitor</span> <span class='ocrx_word' id='word_1_30' title='bbox 941 1240 1248 1337; x_wconf 86' lang='lat' dir='ltr'>subeat,</span> <span class='ocrx_word' id='word_1_31' title='bbox 1309 1239 1376 1319; x_wconf 92' lang='lat' dir='ltr'>si</span> <span class='ocrx_word' id='word_1_32' title='bbox 1435 1241 1700 1321; x_wconf 88' lang='lat' dir='ltr'>sciens</span> <span class='ocrx_word' id='word_1_33' title='bbox 1775 1243 2119 1322; x_wconf 84' lang='lat' dir='ltr'>exeundi</span> <span class='ocrx_word' id='word_1_34' title='bbox 2204 1244 2659 1323; x_wconf 78' lang='lat' dir='ltr'><strong>facultatem</strong></span> <span class='ocrx_word' id='word_1_35' title='bbox 2736 1239 3025 1322; x_wconf 90' lang='lat' dir='ltr'>fecerit.</span> 
     </span>
     <span class='ocr_line' id='line_1_8' title="bbox 674 1364 3031 1471; baseline -0 -26"><span class='ocrx_word' id='word_1_36' title='bbox 674 1367 881 1445; x_wconf 91' lang='lat' dir='ltr'>Cum</span> <span class='ocrx_word' id='word_1_37' title='bbox 939 1376 1209 1444; x_wconf 88' lang='lat' dir='ltr'>autem</span> <span class='ocrx_word' id='word_1_38' title='bbox 1294 1365 1472 1471; x_wconf 90' lang='lat' dir='ltr'>quis</span> <span class='ocrx_word' id='word_1_39' title='bbox 1539 1364 1620 1445; x_wconf 87' lang='lat' dir='ltr'>in</span> <span class='ocrx_word' id='word_1_40' title='bbox 1705 1367 2220 1447; x_wconf 82' lang='lat' dir='ltr'>Conventum&#39;</span> <span class='ocrx_word' id='word_1_41' title='bbox 2290 1367 2726 1463; x_wconf 87' lang='lat' dir='ltr'>revertitur,</span> <span class='ocrx_word' id='word_1_42' title='bbox 2784 1367 3031 1471; x_wconf 89' lang='lat' dir='ltr'>Supe-</span> 
     </span>
     <span class='ocr_line' id='line_1_9' title="bbox 674 1489 3029 1596; baseline 0 -28"><span class='ocrx_word' id='word_1_43' title='bbox 674 1490 972 1569; x_wconf 85' lang='lat' dir='ltr'>riorem</span> <span class='ocrx_word' id='word_1_44' title='bbox 1030 1490 1315 1569; x_wconf 90' lang='lat' dir='ltr'>iterum</span> <span class='ocrx_word' id='word_1_45' title='bbox 1377 1489 1618 1570; x_wconf 88' lang='lat' dir='ltr'>adibit</span> <span class='ocrx_word' id='word_1_46' title='bbox 1674 1489 2304 1571; x_wconf 80' lang='lat' dir='ltr'>benedictionem</span> <span class='ocrx_word' id='word_1_47' title='bbox 2363 1499 2852 1596; x_wconf 85' lang='lat' dir='ltr'>recepturus,</span> <span class='ocrx_word' id='word_1_48' title='bbox 2894 1489 3029 1596; x_wconf 86' lang='lat' dir='ltr'>qui</span> 
     </span>
     <span class='ocr_line' id='line_1_10' title="bbox 674 1613 3032 1723; baseline -0.002 -28"><span class='ocrx_word' id='word_1_49' title='bbox 674 1643 722 1695; x_wconf 90' lang='lat' dir='ltr'>a</span> <span class='ocrx_word' id='word_1_50' title='bbox 780 1614 1002 1695; x_wconf 89' lang='lat' dir='ltr'>socio</span> <span class='ocrx_word' id='word_1_51' title='bbox 1058 1614 1378 1694; x_wconf 78' lang='lat' dir='ltr'>iteneris</span> <span class='ocrx_word' id='word_1_52' title='bbox 1433 1616 1852 1713; x_wconf 89' lang='lat' dir='ltr'>rationem,</span> <span class='ocrx_word' id='word_1_53' title='bbox 1914 1626 1988 1697; x_wconf 91' lang='lat' dir='ltr'>et</span> <span class='ocrx_word' id='word_1_54' title='bbox 2044 1615 2231 1723; x_wconf 89' lang='lat' dir='ltr'>quid</span> <span class='ocrx_word' id='word_1_55' title='bbox 2288 1616 2396 1695; x_wconf 90' lang='lat' dir='ltr'>rei</span> <span class='ocrx_word' id='word_1_56' title='bbox 2441 1625 2707 1696; x_wconf 87' lang='lat' dir='ltr'>actum</span> <span class='ocrx_word' id='word_1_57' title='bbox 2766 1614 2890 1712; x_wconf 91' lang='lat' dir='ltr'>sit,</span> <span class='ocrx_word' id='word_1_58' title='bbox 2925 1613 3032 1694; x_wconf 90' lang='lat' dir='ltr'>di-</span> 
     </span>
     <span class='ocr_line' id='line_1_11' title="bbox 674 1738 1491 1846; baseline -0.001 -28"><span class='ocrx_word' id='word_1_59' title='bbox 674 1740 1008 1844; x_wconf 83' lang='lat' dir='ltr'>ligenter</span> <span class='ocrx_word' id='word_1_60' title='bbox 1067 1738 1491 1846; x_wconf 87' lang='lat' dir='ltr'>perquirat.</span> 
     </span>
    </p>

    <p class='ocr_par' dir='ltr' id='par_1_4' title="bbox 676 1862 3033 2962">
     <span class='ocr_line' id='line_1_12' title="bbox 837 1862 3033 1968; baseline -0 -26"><span class='ocrx_word' id='word_1_61' title='bbox 837 1866 921 1942; x_wconf 82' lang='lat' dir='ltr'>P.</span> <span class='ocrx_word' id='word_1_62' title='bbox 967 1864 1089 1942; x_wconf 86' lang='lat'>13.</span> <span class='ocrx_word' id='word_1_63' title='bbox 1134 1909 1236 1921; x_wconf 96' lang='lat'><strong>—</strong></span> <span class='ocrx_word' id='word_1_64' title='bbox 1278 1863 1565 1942; x_wconf 90' lang='lat' dir='ltr'>Nullos</span> <span class='ocrx_word' id='word_1_65' title='bbox 1604 1865 1933 1943; x_wconf 90' lang='lat' dir='ltr'>Fratres</span> <span class='ocrx_word' id='word_1_66' title='bbox 1972 1863 2329 1941; x_wconf 89' lang='lat' dir='ltr'>Romam</span> <span class='ocrx_word' id='word_1_67' title='bbox 2368 1862 2637 1942; x_wconf 84' lang='lat' dir='ltr'>venire</span> <span class='ocrx_word' id='word_1_68' title='bbox 2665 1862 3033 1968; x_wconf 87' lang='lat' dir='ltr'>Superio-</span> 
     </span>
     <span class='ocr_line' id='line_1_13' title="bbox 676 1985 3029 2095; baseline -0.001 -27"><span class='ocrx_word' id='word_1_69' title='bbox 676 2016 811 2069; x_wconf 90' lang='lat' dir='ltr'>res</span> <span class='ocrx_word' id='word_1_70' title='bbox 851 1988 1328 2095; x_wconf 86' lang='lat' dir='ltr'>permittant,</span> <span class='ocrx_word' id='word_1_71' title='bbox 1391 1987 1539 2067; x_wconf 88' lang='lat' dir='ltr'>nisi</span> <span class='ocrx_word' id='word_1_72' title='bbox 1587 1988 1812 2094; x_wconf 88' lang='lat' dir='ltr'>prius</span> <span class='ocrx_word' id='word_1_73' title='bbox 1844 2014 1889 2065; x_wconf 91' lang='lat' dir='ltr'>a</span> <span class='ocrx_word' id='word_1_74' title='bbox 1938 1985 2330 2084; x_wconf 84' lang='lat' dir='ltr'>Generali,</span> <span class='ocrx_word' id='word_1_75' title='bbox 2391 1988 2511 2067; x_wconf 90' lang='lat' dir='ltr'>vel</span> <span class='ocrx_word' id='word_1_76' title='bbox 2566 1989 3029 2067; x_wconf 88' lang='lat' dir='ltr'>Protectore</span> 
     </span>
     <span class='ocr_line' id='line_1_14' title="bbox 679 2110 3033 2219; baseline -0.003 -25"><span class='ocrx_word' id='word_1_77' title='bbox 679 2114 1100 2194; x_wconf 79' lang='lat' dir='ltr'>dumtaxat</span> <span class='ocrx_word' id='word_1_78' title='bbox 1136 2112 1577 2193; x_wconf 88' lang='lat' dir='ltr'>Licentiam</span> <span class='ocrx_word' id='word_1_79' title='bbox 1609 2112 1689 2190; x_wconf 87' lang='lat' dir='ltr'>in</span> <span class='ocrx_word' id='word_1_80' title='bbox 1728 2110 2044 2217; x_wconf 88' lang='lat' dir='ltr'>scriptis</span> <span class='ocrx_word' id='word_1_81' title='bbox 2080 2110 2699 2216; x_wconf 68' lang='lat' dir='ltr'>impetraverint.</span> <span class='ocrx_word' id='word_1_82' title='bbox 2733 2111 2817 2192; x_wconf 90' lang='lat' dir='ltr'>Si</span> <span class='ocrx_word' id='word_1_83' title='bbox 2848 2110 3033 2219; x_wconf 87' lang='lat' dir='ltr'>quis</span> 
     </span>
     <span class='ocr_line' id='line_1_15' title="bbox 677 2235 3033 2342; baseline -0.002 -24"><span class='ocrx_word' id='word_1_84' title='bbox 677 2246 944 2318; x_wconf 88' lang='lat' dir='ltr'>autem</span> <span class='ocrx_word' id='word_1_85' title='bbox 976 2236 1148 2316; x_wconf 90' lang='lat' dir='ltr'>sine</span> <span class='ocrx_word' id='word_1_86' title='bbox 1206 2236 1666 2342; x_wconf 88' lang='lat' dir='ltr'>hujusmodi</span> <span class='ocrx_word' id='word_1_87' title='bbox 1704 2235 2072 2315; x_wconf 78' lang='lat' dir='ltr'>facultate</span> <span class='ocrx_word' id='word_1_88' title='bbox 2110 2237 2466 2315; x_wconf 87' lang='lat' dir='ltr'>Romam</span> <span class='ocrx_word' id='word_1_89' title='bbox 2505 2236 2774 2314; x_wconf 85' lang='lat' dir='ltr'>venire</span> <span class='ocrx_word' id='word_1_90' title='bbox 2813 2262 3033 2342; x_wconf 90' lang='lat' dir='ltr'>prae-</span> 
     </span>
     <span class='ocr_line' id='line_1_16' title="bbox 676 2357 3032 2467; baseline -0.002 -26"><span class='ocrx_word' id='word_1_91' title='bbox 676 2360 1112 2467; x_wconf 81' lang='lat' dir='ltr'>sumpserit</span> <span class='ocrx_word' id='word_1_92' title='bbox 1168 2387 1364 2440; x_wconf 89' lang='lat' dir='ltr'>voce</span> <span class='ocrx_word' id='word_1_93' title='bbox 1421 2361 1698 2458; x_wconf 86' lang='lat' dir='ltr'>activa,</span> <span class='ocrx_word' id='word_1_94' title='bbox 1759 2367 1835 2439; x_wconf 88' lang='lat' dir='ltr'>et</span> <span class='ocrx_word' id='word_1_95' title='bbox 1900 2358 2223 2464; x_wconf 89' lang='lat' dir='ltr'>passiva</span> <span class='ocrx_word' id='word_1_96' title='bbox 2298 2357 2615 2438; x_wconf 92' lang='lat' dir='ltr'>biennio</span> <span class='ocrx_word' id='word_1_97' title='bbox 2674 2359 3032 2465; x_wconf 88' lang='lat' dir='ltr'>privatus</span> 
     </span>
     <span class='ocr_line' id='line_1_17' title="bbox 677 2481 3031 2588; baseline -0.002 -23"><span class='ocrx_word' id='word_1_98' title='bbox 677 2485 986 2584; x_wconf 86' lang='lat' dir='ltr'>existat,</span> <span class='ocrx_word' id='word_1_99' title='bbox 1045 2484 1460 2565; x_wconf 89' lang='lat' dir='ltr'>subiturus</span> <span class='ocrx_word' id='word_1_100' title='bbox 1516 2483 1754 2563; x_wconf 90' lang='lat' dir='ltr'>etiam</span> <span class='ocrx_word' id='word_1_101' title='bbox 1815 2483 2012 2562; x_wconf 88' lang='lat' dir='ltr'>alias</span> <span class='ocrx_word' id='word_1_102' title='bbox 2068 2481 2448 2562; x_wconf 84' lang='lat' dir='ltr'>arbitratu</span> <span class='ocrx_word' id='word_1_103' title='bbox 2503 2482 3031 2588; x_wconf 87' lang='lat' dir='ltr'>Superiorum</span> 
     </span>
     <span class='ocr_line' id='line_1_18' title="bbox 676 2606 3027 2713; baseline -0.001 -26"><span class='ocrx_word' id='word_1_104' title='bbox 676 2607 1153 2712; x_wconf 81' lang='lat' dir='ltr'>infligendas</span> <span class='ocrx_word' id='word_1_105' title='bbox 1209 2633 1536 2713; x_wconf 76' lang='lat' dir='ltr'>poenas,</span> <span class='ocrx_word' id='word_1_106' title='bbox 1595 2611 1820 2703; x_wconf 87' lang='lat' dir='ltr'>Quae</span> <span class='ocrx_word' id='word_1_107' title='bbox 1876 2607 2064 2685; x_wconf 92' lang='lat' dir='ltr'>item</span> <span class='ocrx_word' id='word_1_108' title='bbox 2104 2606 2375 2684; x_wconf 92' lang='lat' dir='ltr'>omnia</span> <span class='ocrx_word' id='word_1_109' title='bbox 2431 2606 2818 2685; x_wconf 88' lang='lat' dir='ltr'>adversus</span> <span class='ocrx_word' id='word_1_110' title='bbox 2858 2631 3027 2702; x_wconf 63' lang='grc' dir='ltr'>θος,</span> 
     </span>
     <span class='ocr_line' id='line_1_19' title="bbox 676 2727 3029 2842; baseline -0.003 -29"><span class='ocrx_word' id='word_1_111' title='bbox 676 2734 811 2842; x_wconf 89' lang='lat' dir='ltr'>qui</span> <span class='ocrx_word' id='word_1_112' title='bbox 869 2731 1370 2837; x_wconf 87' lang='lat' dir='ltr'>supradictos</span> <span class='ocrx_word' id='word_1_113' title='bbox 1429 2729 1897 2811; x_wconf 88' lang='lat' dir='ltr'>admiserint</span> <span class='ocrx_word' id='word_1_114' title='bbox 1951 2738 2027 2809; x_wconf 89' lang='lat' dir='ltr'>et</span> <span class='ocrx_word' id='word_1_115' title='bbox 2110 2728 2565 2834; x_wconf 87' lang='lat' dir='ltr'>receperint,</span> <span class='ocrx_word' id='word_1_116' title='bbox 2627 2730 2799 2808; x_wconf 88' lang='lat' dir='ltr'>sine</span> <span class='ocrx_word' id='word_1_117' title='bbox 2866 2727 3029 2807; x_wconf 91' lang='lat' dir='ltr'>ulla</span> 
     </span>
     <span class='ocr_line' id='line_1_20' title="bbox 679 2854 1945 2962; baseline -0.005 -24"><span class='ocrx_word' id='word_1_118' title='bbox 679 2855 1145 2962; x_wconf 83' lang='lat' dir='ltr'>exceptione</span> <span class='ocrx_word' id='word_1_119' title='bbox 1202 2857 1515 2936; x_wconf 93' lang='lat' dir='ltr'>Locum</span> <span class='ocrx_word' id='word_1_120' title='bbox 1574 2854 1945 2934; x_wconf 81' lang='lat' dir='ltr'>habeant.</span> 
     </span>
    </p>

    <p class='ocr_par' dir='ltr' id='par_1_5' title="bbox 674 2976 3037 3461">
     <span class='ocr_line' id='line_1_21' title="bbox 839 2976 3026 3084; baseline -0.003 -23"><span class='ocrx_word' id='word_1_121' title='bbox 839 2983 933 3061; x_wconf 89' lang='lat' dir='ltr'>P.</span> <span class='ocrx_word' id='word_1_122' title='bbox 968 2982 1093 3061; x_wconf 83' lang='lat'>14.</span> <span class='ocrx_word' id='word_1_123' title='bbox 1130 3028 1230 3040; x_wconf 89' lang='lat'>--</span> <span class='ocrx_word' id='word_1_124' title='bbox 1262 2979 1576 3060; x_wconf 82' lang='lat' dir='ltr'>Habeat</span> <span class='ocrx_word' id='word_1_125' title='bbox 1602 2980 1987 3084; x_wconf 88' lang='lat' dir='ltr'>Superior</span> <span class='ocrx_word' id='word_1_126' title='bbox 2015 2976 2322 3056; x_wconf 89' lang='lat' dir='ltr'>clavem</span> <span class='ocrx_word' id='word_1_127' title='bbox 2360 2977 2463 3057; x_wconf 89' lang='lat' dir='ltr'>ita</span> <span class='ocrx_word' id='word_1_128' title='bbox 2486 2976 3026 3073; x_wconf 85' lang='lat' dir='ltr'>fabrefactam,</span> 
     </span>
     <span class='ocr_line' id='line_1_22' title="bbox 677 3098 3029 3206; baseline -0.003 -18"><span class='ocrx_word' id='word_1_129' title='bbox 677 3116 764 3187; x_wconf 86' lang='lat' dir='ltr'>ut</span> <span class='ocrx_word' id='word_1_130' title='bbox 820 3134 1007 3187; x_wconf 91' lang='lat' dir='ltr'>cum</span> <span class='ocrx_word' id='word_1_131' title='bbox 1066 3104 1214 3185; x_wconf 87' lang='lat' dir='ltr'>sibi</span> <span class='ocrx_word' id='word_1_132' title='bbox 1271 3104 1601 3202; x_wconf 82' lang='lat' dir='ltr'>videtur,</span> <span class='ocrx_word' id='word_1_133' title='bbox 1663 3101 1906 3182; x_wconf 89' lang='lat' dir='ltr'>cellas</span> <span class='ocrx_word' id='word_1_134' title='bbox 1978 3127 2262 3180; x_wconf 89' lang='lat' dir='ltr'>omnes</span> <span class='ocrx_word' id='word_1_135' title='bbox 2318 3127 2677 3180; x_wconf 85' lang='lat' dir='ltr'>reserare</span> <span class='ocrx_word' id='word_1_136' title='bbox 2733 3098 3029 3206; x_wconf 89' lang='lat' dir='ltr'>possit;</span> 
     </span>
     <span class='ocr_line' id='line_1_23' title="bbox 679 3223 3037 3337; baseline -0.004 -26"><span class='ocrx_word' id='word_1_137' title='bbox 679 3241 755 3313; x_wconf 91' lang='lat' dir='ltr'>et</span> <span class='ocrx_word' id='word_1_138' title='bbox 809 3239 1230 3337; x_wconf 85' lang='lat' dir='ltr'>propterea</span> <span class='ocrx_word' id='word_1_139' title='bbox 1311 3227 1578 3307; x_wconf 89' lang='lat' dir='ltr'>nullus</span> <span class='ocrx_word' id='word_1_140' title='bbox 1663 3225 1970 3323; x_wconf 84' lang='lat' dir='ltr'>cellam,</span> <span class='ocrx_word' id='word_1_141' title='bbox 2031 3224 2267 3303; x_wconf 88' lang='lat' dir='ltr'>etiam</span> <span class='ocrx_word' id='word_1_142' title='bbox 2350 3233 2588 3303; x_wconf 92' lang='lat' dir='ltr'>noctu</span> <span class='ocrx_word' id='word_1_143' title='bbox 2649 3225 2750 3303; x_wconf 87' lang='lat' dir='ltr'>ita</span> <span class='ocrx_word' id='word_1_144' title='bbox 2828 3223 3037 3302; x_wconf 90' lang='lat' dir='ltr'>clau·</span> 
     </span>
     <span class='ocr_line' id='line_1_24' title="bbox 674 3346 2747 3461; baseline -0.005 -26"><span class='ocrx_word' id='word_1_145' title='bbox 674 3356 833 3456; x_wconf 86' lang='lat' dir='ltr'>dat,</span> <span class='ocrx_word' id='word_1_146' title='bbox 892 3356 1083 3461; x_wconf 89' lang='lat' dir='ltr'>quin</span> <span class='ocrx_word' id='word_1_147' title='bbox 1141 3378 1464 3458; x_wconf 89' lang='lat' dir='ltr'>semper</span> <span class='ocrx_word' id='word_1_148' title='bbox 1520 3378 1567 3429; x_wconf 89' lang='lat' dir='ltr'>a</span> <span class='ocrx_word' id='word_1_149' title='bbox 1624 3348 2052 3454; x_wconf 89' lang='lat' dir='ltr'>Superiore</span> <span class='ocrx_word' id='word_1_150' title='bbox 2111 3346 2363 3451; x_wconf 88' lang='lat' dir='ltr'>possit</span> <span class='ocrx_word' id='word_1_151' title='bbox 2419 3348 2747 3452; x_wconf 89' lang='lat' dir='ltr'>aperire.</span> 
     </span>
    </p>

    <p class='ocr_par' dir='ltr' id='par_1_6' title="bbox 674 3470 3034 3711">
     <span class='ocr_line' id='line_1_25' title="bbox 836 3470 3034 3559; baseline -0.005 0"><span class='ocrx_word' id='word_1_152' title='bbox 836 3480 930 3559; x_wconf 90' lang='lat' dir='ltr'>P.</span> <span class='ocrx_word' id='word_1_153' title='bbox 967 3481 1091 3558; x_wconf 87' lang='lat'>15.</span> <span class='ocrx_word' id='word_1_154' title='bbox 1128 3523 1227 3536; x_wconf 90' lang='lat'>—</span> <span class='ocrx_word' id='word_1_155' title='bbox 1262 3479 1348 3557; x_wconf 92' lang='lat' dir='ltr'>In</span> <span class='ocrx_word' id='word_1_156' title='bbox 1382 3473 1648 3554; x_wconf 93' lang='lat' dir='ltr'>medio</span> <span class='ocrx_word' id='word_1_157' title='bbox 1680 3470 2119 3551; x_wconf 87' lang='lat' dir='ltr'>dormitorii</span> <span class='ocrx_word' id='word_1_158' title='bbox 2159 3477 2405 3549; x_wconf 88' lang='lat' dir='ltr'>totam</span> <span class='ocrx_word' id='word_1_159' title='bbox 2446 3479 2763 3550; x_wconf 91' lang='lat' dir='ltr'>noctem</span> <span class='ocrx_word' id='word_1_160' title='bbox 2796 3473 3034 3551; x_wconf 91' lang='lat' dir='ltr'>Lam·</span> 
     </span>
     <span class='ocr_line' id='line_1_26' title="bbox 674 3602 1421 3711; baseline -0.009 -27"><span class='ocrx_word' id='word_1_161' title='bbox 674 3630 825 3711; x_wconf 88' lang='lat' dir='ltr'>pas</span> <span class='ocrx_word' id='word_1_162' title='bbox 883 3602 1295 3682; x_wconf 91' lang='lat' dir='ltr'>colluceat.</span> <span class='ocrx_word' id='word_1_163' title='bbox 1397 3616 1421 3643; x_wconf 89' lang='grc'><em>·</em></span> 
     </span>
    </p>

    <p class='ocr_par' dir='ltr' id='par_1_7' title="bbox 670 3715 3037 4574">
     <span class='ocr_line' id='line_1_27' title="bbox 837 3715 3031 3822; baseline -0.005 -16"><span class='ocrx_word' id='word_1_164' title='bbox 837 3729 933 3806; x_wconf 89' lang='grc' dir='ltr'>Ρ.</span> <span class='ocrx_word' id='word_1_165' title='bbox 974 3726 1095 3805; x_wconf 84' lang='grc'>16.</span> <span class='ocrx_word' id='word_1_166' title='bbox 1156 3770 1258 3783; x_wconf 91' lang='grc'>-</span> <span class='ocrx_word' id='word_1_167' title='bbox 1319 3722 1611 3801; x_wconf 88' lang='lat' dir='ltr'>Nullus</span> <span class='ocrx_word' id='word_1_168' title='bbox 1670 3718 1908 3798; x_wconf 89' lang='lat' dir='ltr'>etiam</span> <span class='ocrx_word' id='word_1_169' title='bbox 1964 3716 2343 3822; x_wconf 90' lang='lat' dir='ltr'>Superior</span> <span class='ocrx_word' id='word_1_170' title='bbox 2400 3715 2665 3813; x_wconf 81' lang='lat' dir='ltr'>cellaS‚</span> <span class='ocrx_word' id='word_1_171' title='bbox 2725 3720 2895 3795; x_wconf 85' lang='lat' dir='ltr'>sive</span> <span class='ocrx_word' id='word_1_172' title='bbox 2952 3717 3031 3796; x_wconf 91' lang='lat' dir='ltr'>in</span> 
     </span>
     <span class='ocr_line' id='line_1_28' title="bbox 672 3839 3036 3948; baseline -0.005 -17"><span class='ocrx_word' id='word_1_173' title='bbox 672 3852 1053 3947; x_wconf 70' lang='lat' dir='ltr'>claustro,</span> <span class='ocrx_word' id='word_1_174' title='bbox 1115 3849 1284 3927; x_wconf 88' lang='lat' dir='ltr'>sive</span> <span class='ocrx_word' id='word_1_175' title='bbox 1324 3845 1505 3926; x_wconf 86' lang='lat' dir='ltr'>alibi</span> <span class='ocrx_word' id='word_1_176' title='bbox 1547 3850 1962 3948; x_wconf 87' lang='lat' dir='ltr'>separatas</span> <span class='ocrx_word' id='word_1_177' title='bbox 2001 3867 2047 3919; x_wconf 92' lang='lat' dir='ltr'>a</span> <span class='ocrx_word' id='word_1_178' title='bbox 2087 3839 2498 3919; x_wconf 94' lang='lat' dir='ltr'>communi</span> <span class='ocrx_word' id='word_1_179' title='bbox 2542 3840 3036 3919; x_wconf 91' lang='lat' dir='ltr'>Dormitorio</span> 
     </span>
     <span class='ocr_line' id='line_1_29' title="bbox 676 3961 3035 4075; baseline -0.005 -20"><span class='ocrx_word' id='word_1_180' title='bbox 676 3974 988 4072; x_wconf 88' lang='lat' dir='ltr'>habeat,</span> <span class='ocrx_word' id='word_1_181' title='bbox 1049 3972 1193 4052; x_wconf 88' lang='lat' dir='ltr'>sed</span> <span class='ocrx_word' id='word_1_182' title='bbox 1250 3968 1808 4075; x_wconf 86' lang='lat' dir='ltr'>unusquisque</span> <span class='ocrx_word' id='word_1_183' title='bbox 1893 3964 2125 4043; x_wconf 91' lang='lat' dir='ltr'>unica</span> <span class='ocrx_word' id='word_1_184' title='bbox 2204 3961 2421 4060; x_wconf 89' lang='lat' dir='ltr'>cella,</span> <span class='ocrx_word' id='word_1_185' title='bbox 2507 3962 2787 4042; x_wconf 91' lang='lat' dir='ltr'>eadem</span> <span class='ocrx_word' id='word_1_186' title='bbox 2844 3990 3035 4043; x_wconf 92' lang='lat' dir='ltr'>cum</span> 
     </span>
     <span class='ocr_line' id='line_1_30' title="bbox 672 4086 3033 4192; baseline -0.006 -11"><span class='ocrx_word' id='word_1_187' title='bbox 672 4100 1009 4181; x_wconf 87' lang='lat' dir='ltr'>caeteris</span> <span class='ocrx_word' id='word_1_188' title='bbox 1068 4096 1413 4175; x_wconf 90' lang='lat' dir='ltr'>aliorum</span> <span class='ocrx_word' id='word_1_189' title='bbox 1471 4095 1853 4171; x_wconf 87' lang='lat' dir='ltr'>Fratrum</span> <span class='ocrx_word' id='word_1_190' title='bbox 1910 4087 2331 4192; x_wconf 87' lang='lat' dir='ltr'>conjuncta</span> <span class='ocrx_word' id='word_1_191' title='bbox 2388 4087 2624 4166; x_wconf 89' lang='lat' dir='ltr'>nudis</span> <span class='ocrx_word' id='word_1_192' title='bbox 2700 4086 3033 4167; x_wconf 93' lang='lat' dir='ltr'>omnino</span> 
     </span>
     <span class='ocr_line' id='line_1_31' title="bbox 672 4208 3037 4333; baseline -0.008 -27"><span class='ocrx_word' id='word_1_193' title='bbox 672 4222 1137 4333; x_wconf 77' lang='lat' dir='ltr'>parietibuS,</span> <span class='ocrx_word' id='word_1_194' title='bbox 1201 4246 1295 4298; x_wconf 87' lang='lat' dir='ltr'>ac</span> <span class='ocrx_word' id='word_1_195' title='bbox 1354 4220 1601 4298; x_wconf 92' lang='lat' dir='ltr'>Lecto</span> <span class='ocrx_word' id='word_1_196' title='bbox 1686 4223 1762 4293; x_wconf 89' lang='lat' dir='ltr'>et</span> <span class='ocrx_word' id='word_1_197' title='bbox 1838 4238 2120 4290; x_wconf 89' lang='lat' dir='ltr'>mensa</span> <span class='ocrx_word' id='word_1_198' title='bbox 2205 4208 2662 4308; x_wconf 76' lang='lat' dir='ltr'>humilibus,</span> <span class='ocrx_word' id='word_1_199' title='bbox 2736 4211 3037 4289; x_wconf 90' lang='lat' dir='ltr'>unifor-</span> 
     </span>
     <span class='ocr_line' id='line_1_32' title="bbox 672 4333 3035 4454; baseline -0.007 -25"><span class='ocrx_word' id='word_1_200' title='bbox 672 4348 947 4454; x_wconf 87' lang='lat' dir='ltr'>mique</span> <span class='ocrx_word' id='word_1_201' title='bbox 1026 4340 1566 4451; x_wconf 90' lang='lat' dir='ltr'>suppellectili,</span> <span class='ocrx_word' id='word_1_202' title='bbox 1626 4345 1712 4416; x_wconf 89' lang='lat' dir='ltr'>ut</span> <span class='ocrx_word' id='word_1_203' title='bbox 1770 4335 2233 4441; x_wconf 86' lang='lat' dir='ltr'>praefertur,</span> <span class='ocrx_word' id='word_1_204' title='bbox 2296 4333 3035 4437; x_wconf 89' lang='lat' dir='ltr'>quaemadmodum</span> 
     </span>
     <span class='ocr_line' id='line_1_33' title="bbox 670 4454 3037 4574; baseline -0.009 -18"><span class='ocrx_word' id='word_1_205' title='bbox 670 4469 1140 4574; x_wconf 85' lang='lat' dir='ltr'>Religiosos</span> <span class='ocrx_word' id='word_1_206' title='bbox 1197 4466 1442 4562; x_wconf 88' lang='lat' dir='ltr'>decet,</span> <span class='ocrx_word' id='word_1_207' title='bbox 1502 4465 1924 4541; x_wconf 85' lang='lat' dir='ltr'>contentus</span> <span class='ocrx_word' id='word_1_208' title='bbox 1981 4454 2103 4534; x_wconf 88' lang='lat' dir='ltr'>sit.</span> <span class='ocrx_word' id='word_1_209' title='bbox 2162 4454 2432 4533; x_wconf 88' lang='lat' dir='ltr'>Possit</span> <span class='ocrx_word' id='word_1_210' title='bbox 2472 4463 2736 4533; x_wconf 88' lang='lat' dir='ltr'>tamen</span> <span class='ocrx_word' id='word_1_211' title='bbox 2786 4457 3037 4535; x_wconf 91' lang='lat' dir='ltr'>Gene-</span> 
     </span>
    </p>
   </div>
  </div>
 </body>
</html>
