3550 5434
766 558 927 613 -181-

251 736 373 816 etiam
401 735 502 815 inter
529 735 701 840 legitime
728 763 777 816 ao
800 743 990 842 perpetuo
1019 735 1338 837 saecularizatoS,
1360 735 1428 843 qui

250 861 525 966 reingressurn
552 860 593 938 in
621 860 875 966 Religionem
895 859 1115 942 humillime
1134 867 1171 939 et
1190 868 1331 966 sponte
1359 886 1429 967 pe·

251 986 411 1065 fierunt.

332 1095 437 1188 Hino
466 1119 629 1188 exortae
657 1118 751 1189 snut
778 1114 859 1188 tres
887 1109 927 1187 in
956 1137 999 1188 re
1027 1108 1302 1216 quaestiones,
1377 1175 1380 1182 t

387 1235 422 1314 1.
451 1233 593 1329 Quoad
621 1233 846 1313 facultatem
874 1260 945 1313 eos
973 1235 1118 1312 iterum
1145 1231 1358 1338 reeipiendi
1386 1232 1427 1310 in

250 1356 449 1438 Claustra.

385 1485 422 1563 2.
452 1484 593 1580 Quoad
621 1483 866 1563 Novitiatum
895 1493 932 1564 et
959 1483 1274 1564 Professionem.

386 1611 422 1690 3.
452 1609 594 1704 Quoad
622 1610 941 1715 praecedentiam
970 1618 1061 1691 ante
1086 1609 1319 1716 quaesitam.

332 1734 411 1814 Sed
440 1733 553 1814 facile
581 1734 851 1815 resolvuntur.

330 1857 405 1937 Ad
422 1861 619 1966 primum.
650 1859 841 1964 Religiosi
871 1887 966 1940 oum
995 1859 1219 1966 implorant,
1265 1871 1302 1940 et
1338 1886 1429 1940 oon-

248 1983 378 2064 seouti
419 1992 512 2064 sunt
554 1991 766 2090 perpetuae
808 1983 1172 2064 saecularizationis
1210 1984 1427 2082 decretum,

248 2107 328 2186 sub
356 2107 586 2188 immediata
614 2110 655 2187 S.
686 2107 801 2188 Sedis
838 2107 1112 2215 jurisdictione
1140 2108 1244 2188 faoto
1278 2117 1315 2187 et
1338 2108 1428 2216 jure

248 2231 519 2312 descendunt:
549 2241 587 2312 et
614 2231 666 2311 ita
695 2243 952 2338 perseverant
979 2259 1108 2338 usque
1151 2233 1249 2314 dum
1287 2233 1428 2312 eadem

247 2352 482 2432 Auctoritas
538 2352 624 2432 illos
670 2379 752 2432 non
799 2353 924 2433 solvit.
974 2355 1096 2457 Erg0,
1145 2361 1188 2432 ut
1233 2352 1429 2457 religiosis

247 2476 495 2556 concedatur
523 2477 563 2556 in
593 2477 787 2559 Ordinem
814 2477 1079 2582 reingressus,
1110 2479 1307 2557 Summus
1325 2479 1429 2558 Pon-

246 2601 348 2681 tifex
376 2602 502 2697 debet,
533 2602 693 2681 indulto
721 2611 936 2710 perpetuae
974 2600 1337 2682 saecularizationis
1371 2629 1430 2680 re-

237 2725 487 2830 portarem
515 2725 677 2831 primis;
706 2752 753 2804 ao
782 2725 923 2805 deinde
952 2725 1008 2803 eis
1038 2751 1110 2831 pro
1140 2725 1267 2829 gratia
1301 2725 1430 2805 indul-

247 2875 359 2954 gere.

332 2973 406 3052 Ad
430 2973 668 3054 Secundum.
699 2975 823 3056 Sacra
839 2974 1106 3079 Congregatio
1121 2977 1204 3056 ΕΕ.
1226 2984 1264 3057 et
1282 2977 1371 3056 RR.
1388 2976 1428 3055 in

246 3097 431 3178 Comitiis
447 3099 607 3180 30Jan:
639 3097 744 3178 1824
772 3099 889 3178 —ad
918 3099 1161 3204 postulatum
1185 3101 1361 3208 reposuit
1376 3148 1427 3160 -

245 3222 555 3328 Professionem
592 3224 827 3327 role'piosom
868 3250 948 3302 non
991 3224 1202 3330 infirmari
1234 3253 1310 3332 per
1352 3227 1429 3304 Ro-

244 3349 407 3454 scripta
435 3345 483 3425 do
511 3348 654 3452 quibus
673 3351 826 3454 cipitur,
858 3375 904 3426 ao
925 3347 1089 3453 proinde
1111 3395 1160 3408 —
1181 3375 1256 3430 non
1281 3375 1428 3433 runem

245 3473 530 3566 Innunraaros
568 3471 755 3551 reiterare
783 3471 1027 3552 Novitiatum
1058 3481 1095 3552 et
1122 3474 1425 3579 professionem,

245 3596 413 3701 quando
451 3595 502 3675 ad
530 3594 703 3676 claustra
732 3595 861 3676 redire
890 3596 1126 3676 desiderant.

254 3741 260 3754 '
331 3721 381 3800 Et
404 3719 493 3828 jure
522 3767 573 3780 —
593 3745 769 3825 namque
797 3720 916 3800 etiam
946 3721 1037 3801 data
1065 3723 1427 3806 Saecularizatione

244 3853 443 3952 perpetua
475 3891 523 3904 -
550 3853 643 3925 vota
684 3847 880 3924 solemnia
908 3869 1042 3936 QUOAD
1070 3873 1347 3930 suessanum
1375 3851 1429 3929 iu-

242 3980 360 4073 tegre
389 3996 549 4077 semper
591 3978 765 4050 manent.
809 3971 966 4050 Tamen
1009 3972 1086 4052 hoo
1127 3973 1427 4078 intelligendum

243 4103 321 4194 est,
351 4093 385 4172 si
413 4095 533 4174 velint
559 4095 715 4186 reverti,
744 4106 782 4176 et
809 4123 948 4176 revera
976 4106 1226 4178 revertantur
1268 4101 1318 4181 ad
1352 4101 1428 4180 Or-

243 4218 396 4316 dinem,
427 4219 541 4326 oujus
569 4219 730 4323 regulas
758 4247 829 4326 per
857 4222 1149 4326 professionem
1178 4270 1229 4282 -
1259 4225 1427 4330 pernotis

243 4345 298 4424 de
322 4343 678 4451 jureperagendis
699 4344 1022 4451 —jurarunt—
1043 4349 1170 4426 Seous
1198 4348 1424 4448 dicendum,

242 4469 281 4548 si
325 4469 384 4547 ad
421 4467 536 4549 aliud
577 4469 812 4550 Institutione
853 4470 1013 4575 inpredi
1058 4472 1203 4568 uellent,
1252 4480 1290 4552 et
1331 4481 1426 4552 tuno
