<?xml version="1.0" encoding="UTF-8"?>
<!DOCTYPE html PUBLIC "-//W3C//DTD XHTML 1.0 Transitional//EN"
    "http://www.w3.org/TR/xhtml1/DTD/xhtml1-transitional.dtd">
<html xmlns="http://www.w3.org/1999/xhtml" xml:lang="en" lang="en">
 <head>
  <title>
</title>
<meta http-equiv="Content-Type" content="text/html;charset=utf-8" />
  <meta name='ocr-system' content='tesseract 3.04.00' />
  <meta name='ocr-capabilities' content='ocr_page ocr_carea ocr_par ocr_line ocrx_word'/>
</head>
<body>
  <div class='ocr_page' id='page_1' title='image "./dejurepracticor00nervgoog_0045.png"; bbox 0 0 3550 5434; ppageno 0'>
   <div class='ocr_carea' id='block_1_1' title="bbox 738 515 882 570">
    <p class='ocr_par' dir='ltr' id='par_1_1' title="bbox 738 515 882 570">
     <span class='ocr_line' id='line_1_1' title="bbox 738 515 882 570; baseline -0.014 -12"><span class='ocrx_word' id='word_1_1' title='bbox 738 515 882 570; x_wconf 73' lang='grc'><strong>..43-</strong></span> 
     </span>
    </p>
   </div>
   <div class='ocr_carea' id='block_1_2' title="bbox 210 693 1404 4542">
    <p class='ocr_par' dir='ltr' id='par_1_2' title="bbox 217 693 1401 2176">
     <span class='ocr_line' id='line_1_2' title="bbox 218 693 1399 800; baseline -0.003 -24"><span class='ocrx_word' id='word_1_2' title='bbox 218 703 261 776; x_wconf 91' lang='lat' dir='ltr'>et</span> <span class='ocrx_word' id='word_1_3' title='bbox 289 696 405 795; x_wconf 72' lang='lat' dir='ltr'>vireS,</span> <span class='ocrx_word' id='word_1_4' title='bbox 436 697 539 778; x_wconf 83' lang='lat' dir='ltr'>vitae</span> <span class='ocrx_word' id='word_1_5' title='bbox 566 696 686 776; x_wconf 87' lang='lat' dir='ltr'>etiam</span> <span class='ocrx_word' id='word_1_6' title='bbox 713 704 917 774; x_wconf 75' lang='lat' dir='ltr'>anteactae</span> <span class='ocrx_word' id='word_1_7' title='bbox 932 693 1117 800; x_wconf 80' lang='lat' dir='ltr'>exemplo</span> <span class='ocrx_word' id='word_1_8' title='bbox 1137 701 1399 800; x_wconf 88' lang='lat' dir='ltr'>praestantes,</span> 
     </span>
     <span class='ocr_line' id='line_1_3' title="bbox 219 817 1396 928; baseline -0.003 -26"><span class='ocrx_word' id='word_1_9' title='bbox 219 821 426 902; x_wconf 88' lang='lat' dir='ltr'>Orationis</span> <span class='ocrx_word' id='word_1_10' title='bbox 455 831 673 928; x_wconf 80' lang='lat' dir='ltr'>praeterea,</span> <span class='ocrx_word' id='word_1_11' title='bbox 705 830 742 901; x_wconf 86' lang='lat' dir='ltr'>et</span> <span class='ocrx_word' id='word_1_12' title='bbox 769 817 1086 900; x_wconf 88' lang='lat' dir='ltr'>mortificationis</span> <span class='ocrx_word' id='word_1_13' title='bbox 1115 817 1304 925; x_wconf 87' lang='lat' dir='ltr'>operibus</span> <span class='ocrx_word' id='word_1_14' title='bbox 1338 819 1396 898; x_wconf 91' lang='lat' dir='ltr'>ad·</span> 
     </span>
     <span class='ocr_line' id='line_1_4' title="bbox 217 942 1401 1053; baseline -0.003 -27"><span class='ocrx_word' id='word_1_15' title='bbox 217 945 325 1046; x_wconf 90' lang='lat' dir='ltr'>dicti,</span> <span class='ocrx_word' id='word_1_16' title='bbox 356 945 563 1053; x_wconf 90' lang='lat' dir='ltr'>prudentia</span> <span class='ocrx_word' id='word_1_17' title='bbox 596 945 866 1051; x_wconf 72' lang='lat' dir='ltr'>charitateque</span> <span class='ocrx_word' id='word_1_18' title='bbox 903 942 1048 1041; x_wconf 90' lang='lat' dir='ltr'>referti,</span> <span class='ocrx_word' id='word_1_19' title='bbox 1077 969 1159 1022; x_wconf 94' lang='lat' dir='ltr'>non</span> <span class='ocrx_word' id='word_1_20' title='bbox 1188 943 1273 1022; x_wconf 89' lang='lat' dir='ltr'>sine</span> <span class='ocrx_word' id='word_1_21' title='bbox 1308 943 1401 1023; x_wconf 84' lang='lat' dir='ltr'>affa-</span> 
     </span>
     <span class='ocr_line' id='line_1_5' title="bbox 218 1067 1401 1175; baseline -0.004 -24"><span class='ocrx_word' id='word_1_22' title='bbox 218 1069 379 1170; x_wconf 87' lang='lat' dir='ltr'>bilitate,</span> <span class='ocrx_word' id='word_1_23' title='bbox 396 1097 554 1175; x_wconf 81' lang='lat' dir='ltr'>graveS,</span> <span class='ocrx_word' id='word_1_24' title='bbox 584 1070 715 1151; x_wconf 88' lang='lat' dir='ltr'>zelum</span> <span class='ocrx_word' id='word_1_25' title='bbox 745 1069 817 1149; x_wconf 90' lang='lat' dir='ltr'>Dei</span> <span class='ocrx_word' id='word_1_26' title='bbox 851 1095 944 1148; x_wconf 89' lang='lat' dir='ltr'>cum</span> <span class='ocrx_word' id='word_1_27' title='bbox 965 1067 1271 1147; x_wconf 85' lang='lat' dir='ltr'>mansuetudine</span> <span class='ocrx_word' id='word_1_28' title='bbox 1291 1095 1401 1174; x_wconf 83' lang='lat' dir='ltr'>prae</span> 
     </span>
     <span class='ocr_line' id='line_1_6' title="bbox 218 1191 1400 1299; baseline -0.003 -23"><span class='ocrx_word' id='word_1_29' title='bbox 218 1197 450 1295; x_wconf 79' lang='lat' dir='ltr'>seferenteS,</span> <span class='ocrx_word' id='word_1_30' title='bbox 495 1194 545 1276; x_wconf 93' lang='lat' dir='ltr'>ab</span> <span class='ocrx_word' id='word_1_31' title='bbox 583 1195 693 1276; x_wconf 92' lang='lat' dir='ltr'>omni</span> <span class='ocrx_word' id='word_1_32' title='bbox 729 1194 884 1292; x_wconf 89' lang='lat' dir='ltr'>Cordis,</span> <span class='ocrx_word' id='word_1_33' title='bbox 924 1220 971 1273; x_wconf 94' lang='lat' dir='ltr'>ac</span> <span class='ocrx_word' id='word_1_34' title='bbox 1012 1191 1148 1272; x_wconf 85' lang='lat' dir='ltr'>Animi</span> <span class='ocrx_word' id='word_1_35' title='bbox 1193 1191 1400 1299; x_wconf 87' lang='lat' dir='ltr'>perturba-</span> 
     </span>
     <span class='ocr_line' id='line_1_7' title="bbox 218 1317 1400 1427; baseline -0.003 -27"><span class='ocrx_word' id='word_1_36' title='bbox 218 1320 339 1418; x_wconf 89' lang='lat' dir='ltr'>tione,</span> <span class='ocrx_word' id='word_1_37' title='bbox 369 1321 428 1400; x_wconf 87' lang='lat' dir='ltr'>ira</span> <span class='ocrx_word' id='word_1_38' title='bbox 457 1321 692 1427; x_wconf 89' lang='lat' dir='ltr'>praesertim</span> <span class='ocrx_word' id='word_1_39' title='bbox 721 1329 759 1399; x_wconf 92' lang='lat' dir='ltr'>et</span> <span class='ocrx_word' id='word_1_40' title='bbox 787 1317 1071 1422; x_wconf 77' lang='lat' dir='ltr'>indignatione,</span> <span class='ocrx_word' id='word_1_41' title='bbox 1103 1317 1264 1422; x_wconf 87' lang='lat' dir='ltr'>quaein</span> <span class='ocrx_word' id='word_1_42' title='bbox 1284 1344 1341 1414; x_wconf 92' lang='lat' dir='ltr'>se,</span> <span class='ocrx_word' id='word_1_43' title='bbox 1362 1325 1400 1397; x_wconf 91' lang='lat' dir='ltr'>et</span> 
     </span>
     <span class='ocr_line' id='line_1_8' title="bbox 218 1443 1398 1550; baseline -0.004 -25"><span class='ocrx_word' id='word_1_44' title='bbox 218 1471 320 1550; x_wconf 89' lang='lat' dir='ltr'>erga</span> <span class='ocrx_word' id='word_1_45' title='bbox 349 1446 448 1526; x_wconf 88' lang='lat' dir='ltr'>alios</span> <span class='ocrx_word' id='word_1_46' title='bbox 477 1445 708 1526; x_wconf 87' lang='lat' dir='ltr'>charitatem</span> <span class='ocrx_word' id='word_1_47' title='bbox 733 1443 926 1550; x_wconf 87' lang='lat' dir='ltr'>impedire</span> <span class='ocrx_word' id='word_1_48' title='bbox 946 1450 1252 1540; x_wconf 89' lang='lat' dir='ltr'>consueverunt,</span> <span class='ocrx_word' id='word_1_49' title='bbox 1274 1468 1398 1548; x_wconf 88' lang='lat' dir='ltr'>quam</span> 
     </span>
     <span class='ocr_line' id='line_1_9' title="bbox 218 1565 1398 1675; baseline -0.003 -25"><span class='ocrx_word' id='word_1_50' title='bbox 218 1570 459 1675; x_wconf 87' lang='lat' dir='ltr'>longissime</span> <span class='ocrx_word' id='word_1_51' title='bbox 495 1569 621 1668; x_wconf 91' lang='lat' dir='ltr'>alieni,</span> <span class='ocrx_word' id='word_1_52' title='bbox 661 1578 699 1649; x_wconf 91' lang='lat' dir='ltr'>et</span> <span class='ocrx_word' id='word_1_53' title='bbox 727 1569 826 1648; x_wconf 89' lang='lat' dir='ltr'>tales</span> <span class='ocrx_word' id='word_1_54' title='bbox 854 1567 1020 1648; x_wconf 91' lang='lat' dir='ltr'>demum</span> <span class='ocrx_word' id='word_1_55' title='bbox 1053 1567 1120 1673; x_wconf 89' lang='lat' dir='ltr'>qui</span> <span class='ocrx_word' id='word_1_56' title='bbox 1151 1567 1190 1646; x_wconf 90' lang='lat' dir='ltr'>in</span> <span class='ocrx_word' id='word_1_57' title='bbox 1210 1565 1398 1646; x_wconf 88' lang='lat' dir='ltr'>omnibus</span> 
     </span>
     <span class='ocr_line' id='line_1_10' title="bbox 218 1691 1397 1802; baseline -0.006 -26"><span class='ocrx_word' id='word_1_58' title='bbox 218 1723 268 1776; x_wconf 89' lang='lat' dir='ltr'>se</span> <span class='ocrx_word' id='word_1_59' title='bbox 309 1695 418 1802; x_wconf 85' lang='lat' dir='ltr'>ipsos</span> <span class='ocrx_word' id='word_1_60' title='bbox 453 1695 655 1775; x_wconf 89' lang='lat' dir='ltr'>bonorum</span> <span class='ocrx_word' id='word_1_61' title='bbox 693 1720 874 1802; x_wconf 88' lang='lat' dir='ltr'>operum</span> <span class='ocrx_word' id='word_1_62' title='bbox 900 1691 1131 1799; x_wconf 83' lang='lat' dir='ltr'>exemplum</span> <span class='ocrx_word' id='word_1_63' title='bbox 1169 1692 1397 1798; x_wconf 88' lang='lat' dir='ltr'>praebeant,</span> 
     </span>
     <span class='ocr_line' id='line_1_11' title="bbox 219 1816 1400 1926; baseline -0.005 -26"><span class='ocrx_word' id='word_1_64' title='bbox 219 1827 266 1900; x_wconf 91' lang='lat' dir='ltr'>ut</span> <span class='ocrx_word' id='word_1_65' title='bbox 292 1819 329 1918; x_wconf 88' lang='lat' dir='ltr'>ii,</span> <span class='ocrx_word' id='word_1_66' title='bbox 360 1819 426 1926; x_wconf 91' lang='lat' dir='ltr'>qui</span> <span class='ocrx_word' id='word_1_67' title='bbox 455 1846 597 1899; x_wconf 91' lang='lat' dir='ltr'>eorum</span> <span class='ocrx_word' id='word_1_68' title='bbox 625 1845 745 1898; x_wconf 84' lang='lat' dir='ltr'>curae</span> <span class='ocrx_word' id='word_1_69' title='bbox 773 1817 959 1916; x_wconf 80' lang='lat' dir='ltr'>subsunt,</span> <span class='ocrx_word' id='word_1_70' title='bbox 988 1816 1077 1896; x_wconf 91' lang='lat' dir='ltr'>illos</span> <span class='ocrx_word' id='word_1_71' title='bbox 1106 1842 1187 1894; x_wconf 92' lang='lat' dir='ltr'>non</span> <span class='ocrx_word' id='word_1_72' title='bbox 1217 1823 1300 1895; x_wconf 91' lang='lat' dir='ltr'>tam</span> <span class='ocrx_word' id='word_1_73' title='bbox 1319 1841 1400 1895; x_wconf 89' lang='lat' dir='ltr'>me·</span> 
     </span>
     <span class='ocr_line' id='line_1_12' title="bbox 219 1940 1400 2051; baseline -0.004 -27"><span class='ocrx_word' id='word_1_74' title='bbox 219 1951 333 2024; x_wconf 89' lang='lat' dir='ltr'>tuant</span> <span class='ocrx_word' id='word_1_75' title='bbox 362 1971 484 2051; x_wconf 90' lang='lat' dir='ltr'>quam</span> <span class='ocrx_word' id='word_1_76' title='bbox 512 1951 780 2042; x_wconf 88' lang='lat' dir='ltr'>revereantur,</span> <span class='ocrx_word' id='word_1_77' title='bbox 802 1969 875 2021; x_wconf 91' lang='lat' dir='ltr'>nec</span> <span class='ocrx_word' id='word_1_78' title='bbox 895 1941 970 2021; x_wconf 92' lang='lat' dir='ltr'>illis</span> <span class='ocrx_word' id='word_1_79' title='bbox 990 1966 1171 2048; x_wconf 90' lang='lat' dir='ltr'>unquam</span> <span class='ocrx_word' id='word_1_80' title='bbox 1191 1940 1400 2021; x_wconf 73' lang='lat' dir='ltr'>detrahere</span> 
     </span>
     <span class='ocr_line' id='line_1_13' title="bbox 218 2068 632 2176; baseline -0.002 -26"><span class='ocrx_word' id='word_1_81' title='bbox 218 2069 438 2176; x_wconf 92' lang='lat' dir='ltr'>quicquam</span> <span class='ocrx_word' id='word_1_82' title='bbox 465 2068 632 2175; x_wconf 87' lang='lat' dir='ltr'>possint.</span> 
     </span>
    </p>

    <p class='ocr_par' dir='ltr' id='par_1_3' title="bbox 210 2188 1404 4542">
     <span class='ocr_line' id='line_1_14' title="bbox 302 2188 1398 2296; baseline -0.007 -22"><span class='ocrx_word' id='word_1_83' title='bbox 302 2193 460 2274; x_wconf 90' lang='lat' dir='ltr'>Habeat</span> <span class='ocrx_word' id='word_1_84' title='bbox 500 2194 619 2273; x_wconf 91' lang='lat' dir='ltr'>etiam</span> <span class='ocrx_word' id='word_1_85' title='bbox 654 2191 848 2296; x_wconf 82' lang='lat' dir='ltr'>Magister</span> <span class='ocrx_word' id='word_1_86' title='bbox 893 2190 1056 2296; x_wconf 92' lang='lat' dir='ltr'>plenam</span> <span class='ocrx_word' id='word_1_87' title='bbox 1092 2200 1130 2270; x_wconf 88' lang='lat' dir='ltr'>et</span> <span class='ocrx_word' id='word_1_88' title='bbox 1171 2188 1398 2269; x_wconf 87' lang='lat' dir='ltr'>absolutam</span> 
     </span>
     <span class='ocr_line' id='line_1_15' title="bbox 217 2313 1398 2426; baseline -0.007 -28"><span class='ocrx_word' id='word_1_89' title='bbox 217 2324 457 2426; x_wconf 87' lang='lat' dir='ltr'>potestatem</span> <span class='ocrx_word' id='word_1_90' title='bbox 499 2317 604 2397; x_wconf 92' lang='lat' dir='ltr'>circa</span> <span class='ocrx_word' id='word_1_91' title='bbox 632 2315 885 2395; x_wconf 91' lang='lat' dir='ltr'>Novitiorum</span> <span class='ocrx_word' id='word_1_92' title='bbox 915 2313 1214 2411; x_wconf 87' lang='lat' dir='ltr'>institutionem,</span> <span class='ocrx_word' id='word_1_93' title='bbox 1245 2341 1292 2393; x_wconf 90' lang='lat' dir='ltr'>ac</span> <span class='ocrx_word' id='word_1_94' title='bbox 1319 2313 1398 2392; x_wconf 89' lang='lat' dir='ltr'>No·</span> 
     </span>
     <span class='ocr_line' id='line_1_16' title="bbox 218 2437 1395 2546; baseline -0.004 -26"><span class='ocrx_word' id='word_1_95' title='bbox 218 2442 380 2523; x_wconf 85' lang='lat' dir='ltr'>vitiatus</span> <span class='ocrx_word' id='word_1_96' title='bbox 407 2441 599 2546; x_wconf 88' lang='lat' dir='ltr'>regimen,</span> <span class='ocrx_word' id='word_1_97' title='bbox 629 2441 681 2520; x_wconf 89' lang='lat' dir='ltr'>ita</span> <span class='ocrx_word' id='word_1_98' title='bbox 700 2449 743 2520; x_wconf 91' lang='lat' dir='ltr'>ut</span> <span class='ocrx_word' id='word_1_99' title='bbox 763 2440 802 2518; x_wconf 93' lang='lat' dir='ltr'>in</span> <span class='ocrx_word' id='word_1_100' title='bbox 823 2439 899 2518; x_wconf 90' lang='lat' dir='ltr'>illis</span> <span class='ocrx_word' id='word_1_101' title='bbox 918 2438 1079 2535; x_wconf 91' lang='lat' dir='ltr'>nemini,</span> <span class='ocrx_word' id='word_1_102' title='bbox 1098 2437 1395 2530; x_wconf 77' lang='lat' dir='ltr'>VisitatoribuS,</span> 
     </span>
     <span class='ocr_line' id='line_1_17' title="bbox 219 2562 1399 2672; baseline -0.008 -24"><span class='ocrx_word' id='word_1_103' title='bbox 219 2593 271 2648; x_wconf 89' lang='lat' dir='ltr'>ac</span> <span class='ocrx_word' id='word_1_104' title='bbox 298 2566 571 2671; x_wconf 85' lang='lat' dir='ltr'>superioribus</span> <span class='ocrx_word' id='word_1_105' title='bbox 599 2565 833 2672; x_wconf 87' lang='lat' dir='ltr'>Majoribus,</span> <span class='ocrx_word' id='word_1_106' title='bbox 864 2563 927 2643; x_wconf 81' lang='lat' dir='ltr'>vel</span> <span class='ocrx_word' id='word_1_107' title='bbox 955 2563 1074 2644; x_wconf 90' lang='lat' dir='ltr'>etiam</span> <span class='ocrx_word' id='word_1_108' title='bbox 1094 2562 1309 2643; x_wconf 89' lang='lat' dir='ltr'>Localibus</span> <span class='ocrx_word' id='word_1_109' title='bbox 1329 2588 1399 2640; x_wconf 86' lang='lat' dir='ltr'>ex-</span> 
     </span>
     <span class='ocr_line' id='line_1_18' title="bbox 218 2687 1398 2799; baseline -0.006 -28"><span class='ocrx_word' id='word_1_110' title='bbox 218 2696 357 2799; x_wconf 78' lang='lat' dir='ltr'>ceptiS,</span> <span class='ocrx_word' id='word_1_111' title='bbox 388 2691 530 2798; x_wconf 88' lang='lat' dir='ltr'>quovis</span> <span class='ocrx_word' id='word_1_112' title='bbox 564 2690 699 2769; x_wconf 91' lang='lat' dir='ltr'>colore</span> <span class='ocrx_word' id='word_1_113' title='bbox 741 2717 786 2769; x_wconf 89' lang='lat' dir='ltr'>se</span> <span class='ocrx_word' id='word_1_114' title='bbox 840 2689 1022 2793; x_wconf 83' lang='lat' dir='ltr'>ingerere</span> <span class='ocrx_word' id='word_1_115' title='bbox 1072 2687 1206 2784; x_wconf 84' lang='lat' dir='ltr'>liceat3</span> <span class='ocrx_word' id='word_1_116' title='bbox 1249 2689 1398 2768; x_wconf 91' lang='lat' dir='ltr'>Curam</span> 
     </span>
     <span class='ocr_line' id='line_1_19' title="bbox 218 2810 1398 2919; baseline -0.009 -20"><span class='ocrx_word' id='word_1_117' title='bbox 218 2815 406 2898; x_wconf 86' lang='lat' dir='ltr'>adhibeat</span> <span class='ocrx_word' id='word_1_118' title='bbox 434 2814 673 2919; x_wconf 86' lang='lat' dir='ltr'>diligentem,</span> <span class='ocrx_word' id='word_1_119' title='bbox 704 2823 747 2894; x_wconf 91' lang='lat' dir='ltr'>ut</span> <span class='ocrx_word' id='word_1_120' title='bbox 774 2813 921 2893; x_wconf 81' lang='lat' dir='ltr'>Novitii</span> <span class='ocrx_word' id='word_1_121' title='bbox 961 2839 1105 2892; x_wconf 89' lang='lat' dir='ltr'>omnes</span> <span class='ocrx_word' id='word_1_122' title='bbox 1132 2811 1174 2890; x_wconf 95' lang='lat' dir='ltr'>in</span> <span class='ocrx_word' id='word_1_123' title='bbox 1206 2810 1398 2916; x_wconf 85' lang='lat' dir='ltr'>Regulari</span> 
     </span>
     <span class='ocr_line' id='line_1_20' title="bbox 218 2939 1400 3045; baseline -0.005 -24"><span class='ocrx_word' id='word_1_124' title='bbox 218 2939 439 3045; x_wconf 80' lang='lat' dir='ltr'>Disciplina</span> <span class='ocrx_word' id='word_1_125' title='bbox 468 2939 607 3019; x_wconf 89' lang='lat' dir='ltr'>sedulo</span> <span class='ocrx_word' id='word_1_126' title='bbox 637 2947 911 3037; x_wconf 84' lang='lat' dir='ltr'>exerceantur,</span> <span class='ocrx_word' id='word_1_127' title='bbox 952 2945 1252 3043; x_wconf 86' lang='lat' dir='ltr'>agnoscantque</span> <span class='ocrx_word' id='word_1_128' title='bbox 1289 2963 1400 3043; x_wconf 82' lang='lat' dir='ltr'>prae</span> 
     </span>
     <span class='ocr_line' id='line_1_21' title="bbox 218 3060 1400 3171; baseline -0.004 -26"><span class='ocrx_word' id='word_1_129' title='bbox 218 3065 337 3171; x_wconf 89' lang='lat' dir='ltr'>cipue</span> <span class='ocrx_word' id='word_1_130' title='bbox 364 3064 531 3144; x_wconf 87' lang='lat' dir='ltr'>Divinae</span> <span class='ocrx_word' id='word_1_131' title='bbox 559 3090 636 3171; x_wconf 87' lang='lat' dir='ltr'>qua</span> <span class='ocrx_word' id='word_1_132' title='bbox 659 3063 766 3167; x_wconf 86' lang='lat' dir='ltr'>digni</span> <span class='ocrx_word' id='word_1_133' title='bbox 787 3063 877 3143; x_wconf 89' lang='lat' dir='ltr'>facti</span> <span class='ocrx_word' id='word_1_134' title='bbox 897 3073 991 3143; x_wconf 92' lang='lat' dir='ltr'>sunt</span> <span class='ocrx_word' id='word_1_135' title='bbox 1023 3060 1256 3142; x_wconf 85' lang='lat' dir='ltr'>Vocationis</span> <span class='ocrx_word' id='word_1_136' title='bbox 1290 3088 1400 3168; x_wconf 86' lang='lat' dir='ltr'>prae-</span> 
     </span>
     <span class='ocr_line' id='line_1_22' title="bbox 217 3187 1400 3294; baseline -0.006 -23"><span class='ocrx_word' id='word_1_137' title='bbox 217 3189 422 3284; x_wconf 89' lang='lat' dir='ltr'>stantiam,</span> <span class='ocrx_word' id='word_1_138' title='bbox 454 3199 492 3269; x_wconf 89' lang='lat' dir='ltr'>et</span> <span class='ocrx_word' id='word_1_139' title='bbox 520 3187 806 3285; x_wconf 85' lang='lat' dir='ltr'>excellentiam,</span> <span class='ocrx_word' id='word_1_140' title='bbox 828 3215 931 3294; x_wconf 86' lang='lat' dir='ltr'>quae</span> <span class='ocrx_word' id='word_1_141' title='bbox 959 3214 1055 3267; x_wconf 89' lang='lat' dir='ltr'>vera</span> <span class='ocrx_word' id='word_1_142' title='bbox 1083 3188 1144 3285; x_wconf 84' lang='lat' dir='ltr'>sit,</span> <span class='ocrx_word' id='word_1_143' title='bbox 1175 3197 1292 3292; x_wconf 91' lang='lat' dir='ltr'>atque</span> <span class='ocrx_word' id='word_1_144' title='bbox 1311 3212 1400 3292; x_wconf 89' lang='lat' dir='ltr'>per·</span> 
     </span>
     <span class='ocr_line' id='line_1_23' title="bbox 217 3310 1399 3419; baseline -0.003 -26"><span class='ocrx_word' id='word_1_145' title='bbox 217 3315 323 3394; x_wconf 92' lang='lat' dir='ltr'>fecta</span> <span class='ocrx_word' id='word_1_146' title='bbox 350 3315 552 3393; x_wconf 92' lang='lat' dir='ltr'>Votorum</span> <span class='ocrx_word' id='word_1_147' title='bbox 579 3313 840 3412; x_wconf 89' lang='lat' dir='ltr'>Solemninm,</span> <span class='ocrx_word' id='word_1_148' title='bbox 871 3321 909 3392; x_wconf 89' lang='lat' dir='ltr'>et</span> <span class='ocrx_word' id='word_1_149' title='bbox 937 3339 1059 3419; x_wconf 91' lang='lat' dir='ltr'>quam</span> <span class='ocrx_word' id='word_1_150' title='bbox 1088 3310 1316 3391; x_wconf 87' lang='lat' dir='ltr'>necessaria</span> <span class='ocrx_word' id='word_1_151' title='bbox 1335 3338 1399 3390; x_wconf 92' lang='lat' dir='ltr'>cu-</span> 
     </span>
     <span class='ocr_line' id='line_1_24' title="bbox 210 3435 1398 3548; baseline -0.004 -29"><span class='ocrx_word' id='word_1_152' title='bbox 210 3440 363 3548; x_wconf 87' lang='lat' dir='ltr'>jusque</span> <span class='ocrx_word' id='word_1_153' title='bbox 401 3437 563 3519; x_wconf 89' lang='lat' dir='ltr'>Ordinis</span> <span class='ocrx_word' id='word_1_154' title='bbox 599 3437 934 3518; x_wconf 88' lang='lat' dir='ltr'>Constitutionum</span> <span class='ocrx_word' id='word_1_155' title='bbox 972 3435 1237 3533; x_wconf 84' lang='lat' dir='ltr'>observantia,</span> <span class='ocrx_word' id='word_1_156' title='bbox 1276 3437 1398 3516; x_wconf 89' lang='lat' dir='ltr'>modo</span> 
     </span>
     <span class='ocr_line' id='line_1_25' title="bbox 215 3562 1400 3667; baseline -0.002 -25"><span class='ocrx_word' id='word_1_157' title='bbox 215 3565 261 3643; x_wconf 92' lang='lat' dir='ltr'>in</span> <span class='ocrx_word' id='word_1_158' title='bbox 292 3563 481 3644; x_wconf 92' lang='lat' dir='ltr'>Oratione</span> <span class='ocrx_word' id='word_1_159' title='bbox 509 3571 595 3642; x_wconf 84' lang='lat' dir='ltr'>turn</span> <span class='ocrx_word' id='word_1_160' title='bbox 623 3562 764 3642; x_wconf 91' lang='lat' dir='ltr'>Vocali</span> <span class='ocrx_word' id='word_1_161' title='bbox 793 3571 877 3641; x_wconf 92' lang='lat' dir='ltr'>tum</span> <span class='ocrx_word' id='word_1_162' title='bbox 911 3563 1074 3642; x_wconf 91' lang='lat' dir='ltr'>Mentali</span> <span class='ocrx_word' id='word_1_163' title='bbox 1095 3563 1296 3641; x_wconf 88' lang='lat' dir='ltr'>fructuose</span> <span class='ocrx_word' id='word_1_164' title='bbox 1316 3588 1400 3667; x_wconf 86' lang='lat' dir='ltr'>per-</span> 
     </span>
     <span class='ocr_line' id='line_1_26' title="bbox 215 3686 1400 3793; baseline -0.002 -26"><span class='ocrx_word' id='word_1_165' title='bbox 215 3687 397 3784; x_wconf 86' lang='lat' dir='ltr'>sistendi,</span> <span class='ocrx_word' id='word_1_166' title='bbox 427 3686 581 3767; x_wconf 87' lang='lat' dir='ltr'>illicitas</span> <span class='ocrx_word' id='word_1_167' title='bbox 609 3688 832 3792; x_wconf 68' lang='lat' dir='ltr'>passiones</span> <span class='ocrx_word' id='word_1_168' title='bbox 863 3697 900 3768; x_wconf 94' lang='lat' dir='ltr'>et</span> <span class='ocrx_word' id='word_1_169' title='bbox 927 3686 1019 3767; x_wconf 85' lang='lat' dir='ltr'>vitia</span> <span class='ocrx_word' id='word_1_170' title='bbox 1049 3688 1098 3767; x_wconf 92' lang='lat' dir='ltr'>ad</span> <span class='ocrx_word' id='word_1_171' title='bbox 1127 3713 1229 3793; x_wconf 62' lang='lat' dir='ltr'>[tuae</span> <span class='ocrx_word' id='word_1_172' title='bbox 1258 3695 1400 3765; x_wconf 90' lang='lat' dir='ltr'>natura</span> 
     </span>
     <span class='ocr_line' id='line_1_27' title="bbox 214 3810 1400 3919; baseline -0.002 -28"><span class='ocrx_word' id='word_1_173' title='bbox 214 3838 295 3919; x_wconf 88' lang='lat' dir='ltr'>per</span> <span class='ocrx_word' id='word_1_174' title='bbox 321 3820 530 3918; x_wconf 88' lang='lat' dir='ltr'>peccatum</span> <span class='ocrx_word' id='word_1_175' title='bbox 556 3810 790 3891; x_wconf 84' lang='lat' dir='ltr'>labefactata</span> <span class='ocrx_word' id='word_1_176' title='bbox 820 3811 930 3891; x_wconf 92' lang='lat' dir='ltr'>omni</span> <span class='ocrx_word' id='word_1_177' title='bbox 959 3821 1138 3918; x_wconf 90' lang='lat' dir='ltr'>tempore</span> <span class='ocrx_word' id='word_1_178' title='bbox 1176 3837 1302 3918; x_wconf 87' lang='lat' dir='ltr'>prona</span> <span class='ocrx_word' id='word_1_179' title='bbox 1340 3817 1400 3890; x_wconf 91' lang='lat' dir='ltr'>est</span> 
     </span>
     <span class='ocr_line' id='line_1_28' title="bbox 216 3935 1399 4043; baseline -0.002 -26"><span class='ocrx_word' id='word_1_180' title='bbox 216 3945 341 4043; x_wconf 66' lang='lat' dir='ltr'>attrue</span> <span class='ocrx_word' id='word_1_181' title='bbox 367 3935 567 4043; x_wconf 87' lang='lat' dir='ltr'>proclivis,</span> <span class='ocrx_word' id='word_1_182' title='bbox 584 3962 654 4042; x_wconf 90' lang='lat' dir='ltr'>per</span> <span class='ocrx_word' id='word_1_183' title='bbox 683 3964 850 4017; x_wconf 90' lang='lat' dir='ltr'>sensum</span> <span class='ocrx_word' id='word_1_184' title='bbox 870 3937 1106 4030; x_wconf 89' lang='lat' dir='ltr'>custodiam,</span> <span class='ocrx_word' id='word_1_185' title='bbox 1127 3947 1164 4016; x_wconf 92' lang='lat' dir='ltr'>et</span> <span class='ocrx_word' id='word_1_186' title='bbox 1182 3935 1399 4015; x_wconf 88' lang='lat' dir='ltr'>mortifica-</span> 
     </span>
     <span class='ocr_line' id='line_1_29' title="bbox 214 4059 1404 4169; baseline -0.002 -29"><span class='ocrx_word' id='word_1_187' title='bbox 214 4061 370 4140; x_wconf 85' lang='lat' dir='ltr'>tionem</span> <span class='ocrx_word' id='word_1_188' title='bbox 400 4059 612 4140; x_wconf 91' lang='lat' dir='ltr'>cohibendi</span> <span class='ocrx_word' id='word_1_189' title='bbox 641 4062 923 4161; x_wconf 90' lang='lat' dir='ltr'>austeritatem,</span> <span class='ocrx_word' id='word_1_190' title='bbox 948 4062 1108 4169; x_wconf 83' lang='lat' dir='ltr'>jejunia,</span> <span class='ocrx_word' id='word_1_191' title='bbox 1126 4060 1261 4156; x_wconf 88' lang='lat' dir='ltr'>cilicia,</span> <span class='ocrx_word' id='word_1_192' title='bbox 1282 4061 1404 4142; x_wconf 76' lang='lat' dir='ltr'>disci-</span> 
     </span>
     <span class='ocr_line' id='line_1_30' title="bbox 216 4184 1399 4293; baseline 0.001 -30"><span class='ocrx_word' id='word_1_193' title='bbox 216 4184 364 4293; x_wconf 82' lang='lat' dir='ltr'>plinas,</span> <span class='ocrx_word' id='word_1_194' title='bbox 393 4185 669 4266; x_wconf 89' lang='lat' dir='ltr'>Conscientiae</span> <span class='ocrx_word' id='word_1_195' title='bbox 689 4185 902 4292; x_wconf 86' lang='lat' dir='ltr'>puritatem</span> <span class='ocrx_word' id='word_1_196' title='bbox 922 4187 1107 4266; x_wconf 91' lang='lat' dir='ltr'>crebram</span> <span class='ocrx_word' id='word_1_197' title='bbox 1126 4186 1230 4266; x_wconf 87' lang='lat' dir='ltr'>illius</span> <span class='ocrx_word' id='word_1_198' title='bbox 1249 4186 1399 4265; x_wconf 86' lang='lat' dir='ltr'>discus-</span> 
     </span>
     <span class='ocr_line' id='line_1_31' title="bbox 215 4309 1398 4417; baseline -0.001 -28"><span class='ocrx_word' id='word_1_199' title='bbox 215 4309 389 4407; x_wconf 88' lang='lat' dir='ltr'>sionem,</span> <span class='ocrx_word' id='word_1_200' title='bbox 419 4311 771 4391; x_wconf 88' lang='lat' dir='ltr'>Sacramentorum</span> <span class='ocrx_word' id='word_1_201' title='bbox 810 4311 1085 4417; x_wconf 86' lang='lat' dir='ltr'>frequentiam,</span> <span class='ocrx_word' id='word_1_202' title='bbox 1124 4310 1398 4391; x_wconf 89' lang='lat' dir='ltr'>Confessionis</span> 
     </span>
     <span class='ocr_line' id='line_1_32' title="bbox 214 4433 1398 4542; baseline 0.001 -30"><span class='ocrx_word' id='word_1_203' title='bbox 214 4434 467 4542; x_wconf 86' lang='lat' dir='ltr'>praesertim,</span> <span class='ocrx_word' id='word_1_204' title='bbox 498 4460 575 4540; x_wconf 90' lang='lat' dir='ltr'>que</span> <span class='ocrx_word' id='word_1_205' title='bbox 604 4433 666 4514; x_wconf 87' lang='lat' dir='ltr'>bis</span> <span class='ocrx_word' id='word_1_206' title='bbox 703 4437 846 4515; x_wconf 90' lang='lat' dir='ltr'>saltem</span> <span class='ocrx_word' id='word_1_207' title='bbox 884 4435 1053 4540; x_wconf 90' lang='lat' dir='ltr'>singulis</span> <span class='ocrx_word' id='word_1_208' title='bbox 1087 4435 1295 4514; x_wconf 89' lang='lat' dir='ltr'>mensibus</span> <span class='ocrx_word' id='word_1_209' title='bbox 1329 4434 1398 4513; x_wconf 88' lang='lat' dir='ltr'>fiat</span> 
     </span>
    </p>
   </div>
   <div class='ocr_carea' id='block_1_3' title="bbox 0 0 1780 5434">
    <p class='ocr_par' dir='ltr' id='par_1_4' title="bbox 0 0 1780 5434">
     <span class='ocr_line' id='line_1_33' title="bbox 0 0 1780 5434; baseline 0 0"><span class='ocrx_word' id='word_1_210' title='bbox 0 0 1780 5434; x_wconf 95' lang='lat' dir='ltr'> </span> 
     </span>
    </p>
   </div>
  </div>
 </body>
</html>
