<?xml version="1.0" encoding="UTF-8"?>
<!DOCTYPE html PUBLIC "-//W3C//DTD XHTML 1.0 Transitional//EN"
    "http://www.w3.org/TR/xhtml1/DTD/xhtml1-transitional.dtd">
<html xmlns="http://www.w3.org/1999/xhtml" xml:lang="en" lang="en">
 <head>
  <title>
</title>
<meta http-equiv="Content-Type" content="text/html;charset=utf-8" />
  <meta name='ocr-system' content='tesseract 3.04.00' />
  <meta name='ocr-capabilities' content='ocr_page ocr_carea ocr_par ocr_line ocrx_word'/>
</head>
<body>
  <div class='ocr_page' id='page_1' title='image "./dejurepracticor00nervgoog_0107.png"; bbox 0 0 3550 5434; ppageno 0'>
   <div class='ocr_carea' id='block_1_1' title="bbox 761 568 921 626">
    <p class='ocr_par' dir='ltr' id='par_1_1' title="bbox 761 568 921 626">
     <span class='ocr_line' id='line_1_1' title="bbox 761 568 921 626; baseline 0 -14"><span class='ocrx_word' id='word_1_1' title='bbox 761 568 921 626; x_wconf 85' lang='lat'>-105-</span> 
     </span>
    </p>
   </div>
   <div class='ocr_carea' id='block_1_2' title="bbox 246 747 1428 2726">
    <p class='ocr_par' dir='ltr' id='par_1_2' title="bbox 250 747 1427 979">
     <span class='ocr_line' id='line_1_2' title="bbox 250 747 1427 851; baseline 0.003 -23"><span class='ocrx_word' id='word_1_2' title='bbox 250 748 374 830; x_wconf 88' lang='lat' dir='ltr'><strong>nerali</strong></span> <span class='ocrx_word' id='word_1_3' title='bbox 401 747 659 828; x_wconf 76' lang='lat' dir='ltr'><strong>renunciatur</strong></span> <span class='ocrx_word' id='word_1_4' title='bbox 686 748 804 828; x_wconf 84' lang='lat' dir='ltr'>Prior</span> <span class='ocrx_word' id='word_1_5' title='bbox 832 749 1075 849; x_wconf 76' lang='lat' dir='ltr'><strong>Conventus,</strong></span> <span class='ocrx_word' id='word_1_6' title='bbox 1104 748 1329 851; x_wconf 71' lang='lat' dir='ltr'><strong>Parochus</strong></span> <span class='ocrx_word' id='word_1_7' title='bbox 1360 762 1427 831; x_wconf 89' lang='lat' dir='ltr'><strong>aut</strong></span> 
     </span>
     <span class='ocr_line' id='line_1_3' title="bbox 251 873 583 979; baseline 0 -25"><span class='ocrx_word' id='word_1_8' title='bbox 251 873 353 954; x_wconf 88' lang='lat' dir='ltr'><strong>alius</strong></span> <span class='ocrx_word' id='word_1_9' title='bbox 380 873 583 979; x_wconf 81' lang='lat' dir='ltr'><strong>Superior.</strong></span> 
     </span>
    </p>

    <p class='ocr_par' dir='ltr' id='par_1_3' title="bbox 254 997 1428 1479">
     <span class='ocr_line' id='line_1_4' title="bbox 330 997 1428 1106; baseline 0.003 -29"><span class='ocrx_word' id='word_1_10' title='bbox 330 999 445 1077; x_wconf 92' lang='lat' dir='ltr'><strong>Tunc</strong></span> <span class='ocrx_word' id='word_1_11' title='bbox 472 998 512 1079; x_wconf 89' lang='lat' dir='ltr'><strong>S.</strong></span> <span class='ocrx_word' id='word_1_12' title='bbox 544 997 808 1103; x_wconf 81' lang='lat' dir='ltr'><strong>Congregatio</strong></span> <span class='ocrx_word' id='word_1_13' title='bbox 831 1027 852 1076; x_wconf 80' lang='lat' dir='ltr'><strong>u</strong></span> <span class='ocrx_word' id='word_1_14' title='bbox 873 998 1112 1078; x_wconf 90' lang='lat' dir='ltr'><strong>instantibus</strong></span> <span class='ocrx_word' id='word_1_15' title='bbox 1130 999 1428 1106; x_wconf 68' lang='lat' dir='ltr'><strong>Superioribus</strong></span> 
     </span>
     <span class='ocr_line' id='line_1_5' title="bbox 255 1122 1428 1232; baseline 0.005 -32"><span class='ocrx_word' id='word_1_16' title='bbox 255 1151 276 1200; x_wconf 76' lang='lat' dir='ltr'><strong>a</strong></span> <span class='ocrx_word' id='word_1_17' title='bbox 305 1148 427 1228; x_wconf 89' lang='lat' dir='ltr'><strong>super</strong></span> <span class='ocrx_word' id='word_1_18' title='bbox 445 1122 810 1229; x_wconf 88' lang='lat' dir='ltr'><strong>incompatibilitate</strong></span> <span class='ocrx_word' id='word_1_19' title='bbox 829 1123 1035 1230; x_wconf 81' lang='lat' dir='ltr'>dispensat</span> <span class='ocrx_word' id='word_1_20' title='bbox 1052 1171 1066 1182; x_wconf 94' lang='lat'>·</span> <span class='ocrx_word' id='word_1_21' title='bbox 1085 1123 1297 1204; x_wconf 80' lang='lat' dir='ltr'><strong>dnmmodo</strong></span> <span class='ocrx_word' id='word_1_22' title='bbox 1317 1151 1428 1232; x_wconf 89' lang='lat' dir='ltr'><strong>prae-</strong></span> 
     </span>
     <span class='ocr_line' id='line_1_6' title="bbox 254 1247 1427 1354; baseline 0.003 -28"><span class='ocrx_word' id='word_1_23' title='bbox 254 1278 275 1326; x_wconf 90' lang='lat'>«</span> <span class='ocrx_word' id='word_1_24' title='bbox 305 1249 408 1328; x_wconf 86' lang='lat' dir='ltr'><strong>satus</strong></span> <span class='ocrx_word' id='word_1_25' title='bbox 436 1247 648 1354; x_wconf 84' lang='lat' dir='ltr'><strong>religiosus</strong></span> <span class='ocrx_word' id='word_1_26' title='bbox 677 1256 893 1354; x_wconf 90' lang='lat' dir='ltr'><strong>utrumque</strong></span> <span class='ocrx_word' id='word_1_27' title='bbox 922 1249 1102 1329; x_wconf 90' lang='lat' dir='ltr'><strong>officium</strong></span> <span class='ocrx_word' id='word_1_28' title='bbox 1130 1250 1270 1330; x_wconf 85' lang='lat' dir='ltr'><strong>sedulo</strong></span> <span class='ocrx_word' id='word_1_29' title='bbox 1299 1250 1427 1331; x_wconf 90' lang='lat' dir='ltr'><strong>adim-</strong></span> 
     </span>
     <span class='ocr_line' id='line_1_7' title="bbox 255 1372 633 1479; baseline 0.008 -31"><span class='ocrx_word' id='word_1_30' title='bbox 255 1403 276 1449; x_wconf 88' lang='lat'>«</span> <span class='ocrx_word' id='word_1_31' title='bbox 305 1372 412 1479; x_wconf 91' lang='lat' dir='ltr'><strong>plere</strong></span> <span class='ocrx_word' id='word_1_32' title='bbox 441 1372 633 1478; x_wconf 82' lang='lat' dir='ltr'><strong>possit».</strong></span> 
     </span>
    </p>

    <p class='ocr_par' dir='ltr' id='par_1_4' title="bbox 251 1497 1428 1728">
     <span class='ocr_line' id='line_1_8' title="bbox 331 1497 1428 1606; baseline 0.002 -28"><span class='ocrx_word' id='word_1_33' title='bbox 331 1498 566 1604; x_wconf 79' lang='lat' dir='ltr'><strong>Superiores</strong></span> <span class='ocrx_word' id='word_1_34' title='bbox 608 1506 743 1578; x_wconf 90' lang='lat' dir='ltr'><strong>tamen</strong></span> <span class='ocrx_word' id='word_1_35' title='bbox 781 1497 1083 1606; x_wconf 78' lang='lat' dir='ltr'><strong>quamprimum</strong></span> <span class='ocrx_word' id='word_1_36' title='bbox 1124 1499 1428 1580; x_wconf 84' lang='lat' dir='ltr'><strong>necessitatibus</strong></span> 
     </span>
     <span class='ocr_line' id='line_1_9' title="bbox 251 1622 946 1728; baseline 0.004 -28"><span class='ocrx_word' id='word_1_37' title='bbox 251 1622 482 1701; x_wconf 78' lang='lat' dir='ltr'><strong>Conventus</strong></span> <span class='ocrx_word' id='word_1_38' title='bbox 511 1622 720 1728; x_wconf 87' lang='lat' dir='ltr'><strong>providere</strong></span> <span class='ocrx_word' id='word_1_39' title='bbox 739 1631 946 1703; x_wconf 90' lang='lat' dir='ltr'><strong>conentur.</strong></span> 
     </span>
    </p>

    <p class='ocr_par' dir='ltr' id='par_1_5' title="bbox 246 1747 1428 2726">
     <span class='ocr_line' id='line_1_10' title="bbox 330 1747 1426 1854; baseline 0.003 -26"><span class='ocrx_word' id='word_1_40' title='bbox 330 1749 381 1828; x_wconf 87' lang='lat' dir='ltr'><strong>Et</strong></span> <span class='ocrx_word' id='word_1_41' title='bbox 395 1747 548 1846; x_wconf 88' lang='lat' dir='ltr'><strong>meritc,</strong></span> <span class='ocrx_word' id='word_1_42' title='bbox 570 1774 755 1854; x_wconf 87' lang='lat' dir='ltr'><strong>namque,</strong></span> <span class='ocrx_word' id='word_1_43' title='bbox 777 1774 829 1827; x_wconf 82' lang='lat' dir='ltr'><strong>ex</strong></span> <span class='ocrx_word' id='word_1_44' title='bbox 847 1748 975 1848; x_wconf 87' lang='lat' dir='ltr'><strong>dictis,</strong></span> <span class='ocrx_word' id='word_1_45' title='bbox 996 1756 1154 1828; x_wconf 88' lang='lat' dir='ltr'><strong>constat</strong></span> <span class='ocrx_word' id='word_1_46' title='bbox 1172 1749 1426 1831; x_wconf 90' lang='lat' dir='ltr'><strong>Novitiorum</strong></span> 
     </span>
     <span class='ocr_line' id='line_1_11' title="bbox 249 1863 1428 1985; baseline 0.004 -35"><span class='ocrx_word' id='word_1_47' title='bbox 249 1863 499 1974; x_wconf 69' lang='lat' dir='ltr'><strong>Mcpis&#39;trum</strong></span> <span class='ocrx_word' id='word_1_48' title='bbox 526 1879 564 1950; x_wconf 90' lang='lat' dir='ltr'><strong>et</strong></span> <span class='ocrx_word' id='word_1_49' title='bbox 594 1872 751 1952; x_wconf 76' lang='lat' dir='ltr'><strong>Sectam</strong></span> <span class='ocrx_word' id='word_1_50' title='bbox 772 1899 824 1952; x_wconf 80' lang='lat' dir='ltr'><strong>ex</strong></span> <span class='ocrx_word' id='word_1_51' title='bbox 851 1873 939 1976; x_wconf 87' lang='lat' dir='ltr'><strong>Iege</strong></span> <span class='ocrx_word' id='word_1_52' title='bbox 959 1871 1156 1977; x_wconf 84' lang='lat' dir='ltr'><strong>originem</strong></span> <span class='ocrx_word' id='word_1_53' title='bbox 1175 1873 1342 1985; x_wconf 89' lang='lat' dir='ltr'><strong>ducere:</strong></span> <span class='ocrx_word' id='word_1_54' title='bbox 1366 1902 1428 1955; x_wconf 92' lang='lat' dir='ltr'><strong>eo-</strong></span> 
     </span>
     <span class='ocr_line' id='line_1_12' title="bbox 250 1995 1428 2106; baseline 0.005 -32"><span class='ocrx_word' id='word_1_55' title='bbox 250 2022 421 2102; x_wconf 85' lang='lat' dir='ltr'><strong>rumque</strong></span> <span class='ocrx_word' id='word_1_56' title='bbox 449 1995 683 2076; x_wconf 76' lang='lat' dir='ltr'><strong>exercitium</strong></span> <span class='ocrx_word' id='word_1_57' title='bbox 712 2023 764 2076; x_wconf 75' lang='grc'><strong>66</strong></span> <span class='ocrx_word' id='word_1_58' title='bbox 792 1997 965 2102; x_wconf 62' lang='lat' dir='ltr'><strong>legitima</strong></span> <span class='ocrx_word' id='word_1_59' title='bbox 993 1999 1178 2078; x_wconf 80' lang='lat' dir='ltr'><strong>electione</strong></span> <span class='ocrx_word' id='word_1_60' title='bbox 1205 2025 1277 2106; x_wconf 93' lang='lat' dir='ltr'><strong>per</strong></span> <span class='ocrx_word' id='word_1_61' title='bbox 1318 2000 1428 2106; x_wconf 90' lang='lat' dir='ltr'><strong>Capi-</strong></span> 
     </span>
     <span class='ocr_line' id='line_1_13' title="bbox 248 2120 1427 2228; baseline 0.004 -30"><span class='ocrx_word' id='word_1_62' title='bbox 248 2120 378 2199; x_wconf 92' lang='lat' dir='ltr'><strong>tulum</strong></span> <span class='ocrx_word' id='word_1_63' title='bbox 406 2129 579 2226; x_wconf 82' lang='lat' dir='ltr'><strong>peracta,</strong></span> <span class='ocrx_word' id='word_1_64' title='bbox 609 2121 671 2200; x_wconf 88' lang='lat' dir='ltr'><strong>vel</strong></span> <span class='ocrx_word' id='word_1_65' title='bbox 714 2127 827 2200; x_wconf 86' lang='lat' dir='ltr'><strong>extra</strong></span> <span class='ocrx_word' id='word_1_66' title='bbox 868 2129 1041 2228; x_wconf 73' lang='lat' dir='ltr'><strong>tempus</strong></span> <span class='ocrx_word' id='word_1_67' title='bbox 1076 2148 1148 2228; x_wconf 93' lang='lat' dir='ltr'><strong>per</strong></span> <span class='ocrx_word' id='word_1_68' title='bbox 1188 2125 1427 2204; x_wconf 87' lang='lat' dir='ltr'><strong>Generalem</strong></span> 
     </span>
     <span class='ocr_line' id='line_1_14' title="bbox 249 2245 1427 2356; baseline 0.005 -32"><span class='ocrx_word' id='word_1_69' title='bbox 249 2245 301 2324; x_wconf 91' lang='lat' dir='ltr'><strong>de</strong></span> <span class='ocrx_word' id='word_1_70' title='bbox 329 2271 531 2324; x_wconf 86' lang='lat' dir='ltr'><strong>consensu</strong></span> <span class='ocrx_word' id='word_1_71' title='bbox 560 2245 840 2348; x_wconf 83' lang='lat' dir='ltr'><strong>Definitorum,</strong></span> <span class='ocrx_word' id='word_1_72' title='bbox 866 2255 904 2325; x_wconf 90' lang='lat' dir='ltr'><strong>et</strong></span> <span class='ocrx_word' id='word_1_73' title='bbox 932 2246 1117 2350; x_wconf 80' lang='lat' dir='ltr'><strong>gravium</strong></span> <span class='ocrx_word' id='word_1_74' title='bbox 1136 2248 1317 2349; x_wconf 84' lang='lat' dir='ltr'><strong>Petrum,</strong></span> <span class='ocrx_word' id='word_1_75' title='bbox 1339 2276 1427 2356; x_wconf 92' lang='lat' dir='ltr'><strong>pro·</strong></span> 
     </span>
     <span class='ocr_line' id='line_1_15' title="bbox 249 2369 1426 2475; baseline 0.008 -30"><span class='ocrx_word' id='word_1_76' title='bbox 249 2369 405 2449; x_wconf 92' lang='lat' dir='ltr'><strong>venire:</strong></span> <span class='ocrx_word' id='word_1_77' title='bbox 436 2370 523 2450; x_wconf 91' lang='lat' dir='ltr'><strong>ideo</strong></span> <span class='ocrx_word' id='word_1_78' title='bbox 553 2369 718 2475; x_wconf 90' lang='lat' dir='ltr'><strong>planum</strong></span> <span class='ocrx_word' id='word_1_79' title='bbox 748 2379 808 2450; x_wconf 89' lang='lat' dir='ltr'><strong>est</strong></span> <span class='ocrx_word' id='word_1_80' title='bbox 836 2371 985 2450; x_wconf 91' lang='lat' dir='ltr'><strong>nemini</strong></span> <span class='ocrx_word' id='word_1_81' title='bbox 1013 2371 1131 2452; x_wconf 83' lang='lat' dir='ltr'><strong>licere</strong></span> <span class='ocrx_word' id='word_1_82' title='bbox 1166 2372 1255 2452; x_wconf 87' lang='lat' dir='ltr'><strong>illos</strong></span> <span class='ocrx_word' id='word_1_83' title='bbox 1283 2374 1426 2454; x_wconf 89' lang='lat' dir='ltr'><strong>subro-</strong></span> 
     </span>
     <span class='ocr_line' id='line_1_16' title="bbox 248 2496 1424 2602; baseline 0.007 -30"><span class='ocrx_word' id='word_1_84' title='bbox 248 2520 359 2599; x_wconf 86' lang='lat' dir='ltr'><strong>gare,</strong></span> <span class='ocrx_word' id='word_1_85' title='bbox 388 2496 463 2574; x_wconf 68' lang='lat' dir='ltr'><strong>neci</strong></span> <span class='ocrx_word' id='word_1_86' title='bbox 483 2522 558 2602; x_wconf 85' lang='lat' dir='ltr'><strong>per</strong></span> <span class='ocrx_word' id='word_1_87' title='bbox 587 2497 687 2574; x_wconf 82' lang='lat' dir='ltr'><strong>otios</strong></span> <span class='ocrx_word' id='word_1_88' title='bbox 727 2497 957 2575; x_wconf 77' lang='lat' dir='ltr'><strong>consimiles.</strong></span> <span class='ocrx_word' id='word_1_89' title='bbox 986 2543 1000 2555; x_wconf 87' lang='lat'><strong>·</strong></span> <span class='ocrx_word' id='word_1_90' title='bbox 1027 2498 1140 2577; x_wconf 91' lang='lat' dir='ltr'><strong>Idem</strong></span> <span class='ocrx_word' id='word_1_91' title='bbox 1167 2497 1292 2579; x_wconf 91' lang='lat' dir='ltr'><strong>Clem.</strong></span> <span class='ocrx_word' id='word_1_92' title='bbox 1320 2501 1424 2580; x_wconf 88' lang='lat' dir='ltr'><strong>VIII.</strong></span> 
     </span>
     <span class='ocr_line' id='line_1_17' title="bbox 246 2618 935 2726; baseline 0.006 -30"><span class='ocrx_word' id='word_1_93' title='bbox 246 2618 289 2697; x_wconf 91' lang='lat' dir='ltr'><strong>in</strong></span> <span class='ocrx_word' id='word_1_94' title='bbox 319 2619 380 2699; x_wconf 88' lang='lat' dir='ltr'><strong>cit.</strong></span> <span class='ocrx_word' id='word_1_95' title='bbox 412 2621 546 2700; x_wconf 90' lang='lat' dir='ltr'><strong>Const.</strong></span> <span class='ocrx_word' id='word_1_96' title='bbox 581 2622 647 2700; x_wconf 88' lang='lat' dir='ltr'><strong>Ad</strong></span> <span class='ocrx_word' id='word_1_97' title='bbox 677 2620 935 2726; x_wconf 85' lang='lat' dir='ltr'><strong>Regularem.</strong></span> 
     </span>
    </p>
   </div>
   <div class='ocr_carea' id='block_1_3' title="bbox 771 2959 906 3062">
    <p class='ocr_par' dir='ltr' id='par_1_6' title="bbox 771 2959 906 3062">
     <span class='ocr_line' id='line_1_18' title="bbox 771 2959 906 3062; baseline 0 0"><span class='ocrx_word' id='word_1_98' title='bbox 771 2959 806 3062; x_wconf 72' lang='lat' dir='ltr'><strong>S·</strong></span> <span class='ocrx_word' id='word_1_99' title='bbox 838 2959 906 3038; x_wconf 67' lang='lat'><strong>3:¹⁸</strong></span> 
     </span>
    </p>
   </div>
   <div class='ocr_carea' id='block_1_4' title="bbox 325 3185 1347 3296">
    <p class='ocr_par' dir='ltr' id='par_1_7' title="bbox 325 3185 1347 3296">
     <span class='ocr_line' id='line_1_19' title="bbox 325 3185 1347 3296; baseline 0.006 -30"><span class='ocrx_word' id='word_1_100' title='bbox 325 3185 469 3268; x_wconf 82' lang='lat' dir='ltr'><strong>Utrum</strong></span> <span class='ocrx_word' id='word_1_101' title='bbox 497 3196 673 3296; x_wconf 83' lang='lat' dir='ltr'><strong>tempore</strong></span> <span class='ocrx_word' id='word_1_102' title='bbox 700 3188 930 3269; x_wconf 83' lang='lat' dir='ltr'><strong>Nooitintus</strong></span> <span class='ocrx_word' id='word_1_103' title='bbox 959 3189 1111 3271; x_wconf 82' lang='lat' dir='ltr'><strong>Studiis</strong></span> <span class='ocrx_word' id='word_1_104' title='bbox 1140 3191 1347 3272; x_wconf 80' lang='lat' dir='ltr'><strong>litterariis</strong></span> 
     </span>
    </p>
   </div>
   <div class='ocr_carea' id='block_1_5' title="bbox 571 3386 1107 3492">
    <p class='ocr_par' dir='ltr' id='par_1_8' title="bbox 571 3386 1107 3492">
     <span class='ocr_line' id='line_1_20' title="bbox 571 3386 1107 3492; baseline 0.004 -28"><span class='ocrx_word' id='word_1_105' title='bbox 571 3413 720 3465; x_wconf 80' lang='lat' dir='ltr'><strong>occare</strong></span> <span class='ocrx_word' id='word_1_106' title='bbox 742 3387 899 3492; x_wconf 79' lang='lat' dir='ltr'><strong>possint</strong></span> <span class='ocrx_word' id='word_1_107' title='bbox 925 3386 1107 3466; x_wconf 75' lang='lat' dir='ltr'><strong>Nocitii?</strong></span> 
     </span>
    </p>
   </div>
   <div class='ocr_carea' id='block_1_6' title="bbox 245 3615 1430 4595">
    <p class='ocr_par' dir='ltr' id='par_1_9' title="bbox 245 3615 1430 4220">
     <span class='ocr_line' id='line_1_21' title="bbox 331 3615 1424 3726; baseline 0.004 -32"><span class='ocrx_word' id='word_1_108' title='bbox 331 3616 434 3695; x_wconf 91' lang='lat' dir='ltr'><strong>Inter</strong></span> <span class='ocrx_word' id='word_1_109' title='bbox 462 3641 632 3696; x_wconf 87' lang='lat' dir='ltr'><strong>munera</strong></span> <span class='ocrx_word' id='word_1_110' title='bbox 661 3617 843 3720; x_wconf 79' lang='lat' dir='ltr'><strong>Magistri</strong></span> <span class='ocrx_word' id='word_1_111' title='bbox 875 3615 1129 3696; x_wconf 90' lang='lat' dir='ltr'><strong>Novitiorum</strong></span> <span class='ocrx_word' id='word_1_112' title='bbox 1157 3616 1251 3698; x_wconf 85' lang='lat' dir='ltr'><strong>illud</strong></span> <span class='ocrx_word' id='word_1_113' title='bbox 1281 3621 1424 3726; x_wconf 89' lang='lat' dir='ltr'><strong>praeci-</strong></span> 
     </span>
     <span class='ocr_line' id='line_1_22' title="bbox 245 3741 1430 3849; baseline 0.005 -30"><span class='ocrx_word' id='word_1_114' title='bbox 245 3766 375 3849; x_wconf 94' lang='lat' dir='ltr'><strong>puum</strong></span> <span class='ocrx_word' id='word_1_115' title='bbox 394 3745 465 3838; x_wconf 89' lang='lat' dir='ltr'><strong>est,</strong></span> <span class='ocrx_word' id='word_1_116' title='bbox 495 3742 603 3848; x_wconf 88' lang='lat' dir='ltr'><strong>quod</strong></span> <span class='ocrx_word' id='word_1_117' title='bbox 634 3741 825 3820; x_wconf 92' lang='lat' dir='ltr'><strong>continuo</strong></span> <span class='ocrx_word' id='word_1_118' title='bbox 855 3767 950 3820; x_wconf 94' lang='lat' dir='ltr'><strong>cum</strong></span> <span class='ocrx_word' id='word_1_119' title='bbox 978 3741 1065 3821; x_wconf 90' lang='lat' dir='ltr'><strong>suis</strong></span> <span class='ocrx_word' id='word_1_120' title='bbox 1084 3741 1316 3824; x_wconf 86' lang='lat' dir='ltr'><strong>Educendis</strong></span> <span class='ocrx_word' id='word_1_121' title='bbox 1344 3763 1430 3825; x_wconf 66' lang='lat' dir='ltr'><strong>ma-=</strong></span> 
     </span>
     <span class='ocr_line' id='line_1_23' title="bbox 246 3862 1428 3950; baseline 0.002 -3"><span class='ocrx_word' id='word_1_122' title='bbox 246 3862 434 3947; x_wconf 87' lang='lat' dir='ltr'><strong>terialiter</strong></span> <span class='ocrx_word' id='word_1_123' title='bbox 462 3872 579 3946; x_wconf 85' lang='lat' dir='ltr'><strong>extet.</strong></span> <span class='ocrx_word' id='word_1_124' title='bbox 608 3867 701 3946; x_wconf 81' lang='lat' dir='ltr'><strong>Iam</strong></span> <span class='ocrx_word' id='word_1_125' title='bbox 730 3866 889 3944; x_wconf 90' lang='lat' dir='ltr'><strong>verosi</strong></span> <span class='ocrx_word' id='word_1_126' title='bbox 918 3894 1021 3945; x_wconf 86' lang='lat' dir='ltr'><strong>unus</strong></span> <span class='ocrx_word' id='word_1_127' title='bbox 1051 3893 1102 3945; x_wconf 85' lang='lat' dir='ltr'><strong>ex</strong></span> <span class='ocrx_word' id='word_1_128' title='bbox 1120 3865 1184 3946; x_wconf 90' lang='lat' dir='ltr'><strong>his</strong></span> <span class='ocrx_word' id='word_1_129' title='bbox 1213 3869 1343 3950; x_wconf 90' lang='lat' dir='ltr'><strong>studio</strong></span> <span class='ocrx_word' id='word_1_130' title='bbox 1372 3870 1428 3949; x_wconf 89' lang='lat' dir='ltr'><strong>in-</strong></span> 
     </span>
     <span class='ocr_line' id='line_1_24' title="bbox 251 3988 1424 4088; baseline 0.002 -18"><span class='ocrx_word' id='word_1_131' title='bbox 251 3988 417 4071; x_wconf 88' lang='lat' dir='ltr'><strong>cumbat</strong></span> <span class='ocrx_word' id='word_1_132' title='bbox 457 3989 497 4069; x_wconf 92' lang='lat' dir='ltr'><strong>in</strong></span> <span class='ocrx_word' id='word_1_133' title='bbox 539 3989 707 4088; x_wconf 61' lang='lat' dir='ltr'><strong>Scholia</strong></span> <span class='ocrx_word' id='word_1_134' title='bbox 737 3990 842 4069; x_wconf 83' lang='lat' dir='ltr'><strong>ulter</strong></span> <span class='ocrx_word' id='word_1_135' title='bbox 885 3988 1133 4069; x_wconf 88' lang='lat' dir='ltr'><strong>orationibus</strong></span> <span class='ocrx_word' id='word_1_136' title='bbox 1162 3990 1201 4069; x_wconf 91' lang='lat' dir='ltr'><strong>in</strong></span> <span class='ocrx_word' id='word_1_137' title='bbox 1230 3993 1424 4086; x_wconf 86' lang='lat' dir='ltr'><strong>Ecclesia,</strong></span> 
     </span>
     <span class='ocr_line' id='line_1_25' title="bbox 246 4113 1344 4220; baseline 0.003 -26"><span class='ocrx_word' id='word_1_138' title='bbox 246 4123 344 4194; x_wconf 89' lang='lat' dir='ltr'><strong>tunc</strong></span> <span class='ocrx_word' id='word_1_139' title='bbox 367 4113 614 4220; x_wconf 88' lang='lat' dir='ltr'><strong>impossihile</strong></span> <span class='ocrx_word' id='word_1_140' title='bbox 634 4122 695 4194; x_wconf 89' lang='lat' dir='ltr'><strong>est</strong></span> <span class='ocrx_word' id='word_1_141' title='bbox 714 4115 911 4218; x_wconf 82' lang='lat' dir='ltr'><strong>Magistro</strong></span> <span class='ocrx_word' id='word_1_142' title='bbox 931 4114 1089 4220; x_wconf 87' lang='lat' dir='ltr'><strong>utrique</strong></span> <span class='ocrx_word' id='word_1_143' title='bbox 1117 4115 1344 4220; x_wconf 82' lang='lat' dir='ltr'><strong>advigilare.</strong></span> 
     </span>
    </p>

    <p class='ocr_par' dir='ltr' id='par_1_10' title="bbox 246 4238 1427 4595">
     <span class='ocr_line' id='line_1_26' title="bbox 329 4238 1425 4345; baseline 0.004 -27"><span class='ocrx_word' id='word_1_144' title='bbox 329 4238 436 4318; x_wconf 92' lang='lat' dir='ltr'><strong>Hinc</strong></span> <span class='ocrx_word' id='word_1_145' title='bbox 462 4241 502 4319; x_wconf 90' lang='lat' dir='ltr'><strong>S.</strong></span> <span class='ocrx_word' id='word_1_146' title='bbox 532 4239 800 4344; x_wconf 83' lang='lat' dir='ltr'><strong>Congregatio</strong></span> <span class='ocrx_word' id='word_1_147' title='bbox 830 4239 1097 4345; x_wconf 74' lang='lat' dir='ltr'><strong>petitionibus</strong></span> <span class='ocrx_word' id='word_1_148' title='bbox 1128 4239 1206 4320; x_wconf 91' lang='lat' dir='ltr'><strong>hoc</strong></span> <span class='ocrx_word' id='word_1_149' title='bbox 1234 4241 1425 4322; x_wconf 91' lang='lat' dir='ltr'><strong>insensu</strong></span> 
     </span>
     <span class='ocr_line' id='line_1_27' title="bbox 247 4363 1427 4470; baseline 0.002 -25"><span class='ocrx_word' id='word_1_150' title='bbox 247 4363 445 4462; x_wconf 87' lang='lat' dir='ltr'><strong>exhibitis,</strong></span> <span class='ocrx_word' id='word_1_151' title='bbox 476 4363 682 4468; x_wconf 80' lang='lat' dir='ltr'><strong>indulgere</strong></span> <span class='ocrx_word' id='word_1_152' title='bbox 705 4372 885 4461; x_wconf 83' lang='lat' dir='ltr'><strong>recusat3</strong></span> <span class='ocrx_word' id='word_1_153' title='bbox 907 4365 1143 4470; x_wconf 88' lang='lat' dir='ltr'><strong>praesertim</strong></span> <span class='ocrx_word' id='word_1_154' title='bbox 1163 4365 1197 4444; x_wconf 86' lang='lat' dir='ltr'><strong>si</strong></span> <span class='ocrx_word' id='word_1_155' title='bbox 1217 4373 1358 4470; x_wconf 81' lang='lat' dir='ltr'><strong>agatur</strong></span> <span class='ocrx_word' id='word_1_156' title='bbox 1377 4368 1427 4447; x_wconf 91' lang='lat' dir='ltr'><strong>de</strong></span> 
     </span>
     <span class='ocr_line' id='line_1_28' title="bbox 246 4487 1423 4595; baseline 0.003 -29"><span class='ocrx_word' id='word_1_157' title='bbox 246 4487 514 4594; x_wconf 89' lang='lat' dir='ltr'><strong>Novitiatibus</strong></span> <span class='ocrx_word' id='word_1_158' title='bbox 538 4490 652 4595; x_wconf 82' lang='lat' dir='ltr'><strong>juxta</strong></span> <span class='ocrx_word' id='word_1_159' title='bbox 681 4489 912 4568; x_wconf 87' lang='lat' dir='ltr'><strong>sanctiones</strong></span> <span class='ocrx_word' id='word_1_160' title='bbox 941 4489 1156 4570; x_wconf 86' lang='lat' dir='ltr'><strong>canonicas</strong></span> <span class='ocrx_word' id='word_1_161' title='bbox 1189 4491 1423 4573; x_wconf 83' lang='lat' dir='ltr'><strong>constitutis.</strong></span> 
     </span>
    </p>
   </div>
   <div class='ocr_carea' id='block_1_7' title="bbox 0 0 1780 5434">
    <p class='ocr_par' dir='ltr' id='par_1_11' title="bbox 0 0 1780 5434">
     <span class='ocr_line' id='line_1_29' title="bbox 0 0 1780 5434; baseline 0 1"><span class='ocrx_word' id='word_1_162' title='bbox 0 0 1780 5434; x_wconf 95' lang='lat' dir='ltr'><strong> </strong></span> 
     </span>
    </p>
   </div>
  </div>
 </body>
</html>
