3550 5434
581 1081 583 1086 .
604 1033 749 1100 arene
770 993 950 1098 reinna

480 1245 601 1294 DE
642 1241 1083 1294 Novrrns

725 1423 832 1480 qa>

636 1655 749 1723 Gener
780 1656 921 1722 Pernen

554 1847 642 1929 ¹De
676 1848 973 1908 Novitiatu

658 2027 900 2084 —eae—

709 2244 744 2346 S·
780 2245 846 2322 1³¹⁸

328 2399 433 2492 oen
457 2401 715 2494 Neaitiotns;
748 2411 785 2482 et
814 2429 1011 2508 qnnenont
1043 2404 1234 2509 reqnisito,

524 2543 582 2622 nol
606 2543 691 2649 ejas
720 2546 1033 2624 institutionem?

272 2759 317 2837 ln
346 2784 598 2864 quacumque
627 2757 816 2862 religione
844 2769 927 2839 tam
946 2759 1125 2838 virorum
1145 2786 1268 2866 quarn
1283 2786 1368 2838 rnu-

183 2883 335 2962 lierum
357 2882 560 2990 professio
589 2908 671 2961 nen
700 2884 805 2963 fiat...
823 2883 900 2962 nisi
929 2883 1018 2989 quis
1047 2891 1174 2983 antea,
1195 2891 1286 2990 post
1304 2910 1368 2962 su·
1480 2905 1483 2910 ·

183 3015 375 3112 scepturn
403 3007 585 3087 habitum·
609 3007 848 3112 regularem,
877 3007 917 3086 in
939 3009 1179 3115 probatione
1206 3008 1366 3105 steterit,

184 3178 244 3191 —
274 3133 394 3211 Cone.
424 3131 532 3212 Trid.
563 3133 673 3212 Sess.
704 3133 755 3211 25
784 3179 835 3191 —
865 3132 914 3211 de
943 3135 1044 3236 Reg.
1078 3134 1174 3238 Cap.
1217 3134 1278 3212 15.
1317 3177 1368 3192 -

184 3255 358 3336 ethaeo
388 3258 589 3365 predatio,
628 3257 878 3338 Novrrlarns
919 3257 1091 3356 nomine,
1135 3256 1366 3363 appellatur.

274 3383 338 3461 Ex
358 3383 598 3489 probatione
625 3381 725 3462 fiunt
755 3381 919 3477 Neritii
961 3408 985 3461 a
1027 3380 1173 3488 quibas
1215 3379 1368 3460 bonurn

182 3505 415 3610 Religionis
443 3505 505 3586 vel
547 3505 699 3587 malurn
735 3507 901 3586 omnino
943 3505 1155 3613 dependet:
1193 3531 1368 3611 namque

183 3631 230 3712 hi
261 3637 356 3710 sunt
384 3630 550 3728 semina,
581 3630 620 3709 hi
649 3639 741 3710 sunt
761 3630 956 3736 palmiteS,
986 3638 1023 3708 et
1051 3656 1074 3709 a
1103 3628 1289 3728 bonitate,
1306 3629 1368 3709 vel

181 3753 341 3837 malitie
384 3781 535 3853 earum,
580 3755 676 3834 bani
704 3756 855 3836 tructus
883 3753 1134 3858 colliguntur,
1165 3760 1232 3833 aut
1260 3753 1366 3833 mali.

207 3861 213 3868 ’
272 3879 377 3960 Hinc
405 3878 581 3960 Romani
608 3879 826 3960 Pontifices
854 3879 1100 3958 incessanter
1128 3876 1238 3981 leges
1266 3877 1369 3956 salu-

180 4003 388 4087 berrimas
417 4005 619 4102 dederunt,
649 4002 795 4110 quibus
823 4002 994 4083 novitiae
1021 4003 1122 4080 vites
1150 4001 1189 4080 in
1228 4001 1369 4081 sancti-

178 4139 269 4213 tate
298 4136 337 4208 et
363 4129 504 4209 virtute
537 4137 845 4235 percrescerent,
884 4135 923 4208 et
958 4126 1208 4208 sanctitatem
1251 4135 1368 4232 atque

179 4258 378 4335 virtutem
406 4254 444 4333 in
472 4253 572 4334 alios
601 4253 842 4342 inducerent.

270 4379 447 4458 Proinde
475 4379 516 4460 S.
546 4378 811 4484 Congregatio
840 4403 962 4484 saper
989 4374 1207 4483 Disciplina
1232 4377 1368 4479 Regu-

172 4505 259 4590 lari
293 4503 334 4582 in
362 4503 528 4585 decretis
558 4503 670 4583 editis
712 4531 773 4584 an.
820 4503 937 4598 1695,
979 4500 1209 4580 auctoritate
1251 4500 1370 4579 Inno-
