3550 5434
918 455 1078 508 -152-

414 661 434 710 ‹<
464 641 632 730 oratore,
662 639 704 711 ut
720 631 939 714 vocationis
955 632 1137 737 gratiam,
1157 633 1359 737 religione,
1389 644 1506 743 atque
1528 637 1584 716 in·

414 787 433 834 11
463 759 640 862 tegritate
669 757 770 836 vitae
798 757 995 836 redimere
1023 765 1179 862 satagat
1206 785 1242 838 v.
1354 765 1356 769 ’

488 881 701 961 Nonnullis
721 879 866 960 abhinc
885 882 1002 962 annis
1021 881 1062 959 in
1082 882 1255 963 formula
1274 884 1582 991 dispensationis

410 1006 632 1086 introducta
660 1005 731 1085 fuit
758 1006 949 1104 limitatio,
979 1005 1031 1087 ita
1059 1016 1102 1086 ut
1134 1007 1432 1114 dispensaretur
1460 1037 1583 1116 super

408 1139 500 1210 voto
530 1131 786 1239 paupertatis
820 1139 858 1210 et
895 1131 1147 1228 obedientiae,
1182 1157 1311 1216 1111110
1335 1158 1583 1216 afflueres

409 1256 523 1336 Varo
545 1258 788 1338 Canania.

488 1380 594 1459 Hinc
622 1390 761 1460 exorta
789 1387 850 1460 est
878 1380 1051 1486 questio:
1081 1390 1216 1462 utrum
1231 1383 1462 1491 hujusmodi
1480 1384 1584 1466 limi-

406 1504 500 1584 tatio
529 1513 636 1584 esset
663 1503 910 1583 adnittenda
938 1505 999 1584 vel
1027 1507 1159 1611 potius
1192 1507 1453 1613 reprobanda.

488 1634 686 1708 Auctores
712 1627 955 1709 limitationis
989 1655 1079 1709 eam
1111 1639 1273 1713 strenue
1305 1633 1582 1714 sustinuerunt

408 1752 525 1832 veluti
558 1751 777 1832 custodiam
805 1753 1022 1859 quamdam
1051 1780 1124 1860 pro
1153 1755 1404 1862 dispensatis,
1418 1765 1468 1836 111
1486 1757 1583 1837 faci-

407 1875 484 1956 lius
513 1903 536 1956 a
564 1875 736 1982 peccatis
764 1903 808 1955 se
837 1875 1091 1958 abstinerent.

488 2002 540 2081 Hi
568 2025 663 2080 vero
692 2001 759 2107 qui
788 1999 999 2081 voluerunt
1022 2002 1281 2084 arbitrariam
1309 2003 1584 2086 limitationem

406 2153 498 2206 esse
525 2123 833 2232 reprobandam,
863 2126 977 2232 plura
1014 2126 1226 2208 attiderunt
1261 2137 1499 2233 argumenta
1530 2157 1584 2209 ex

407 2249 582 2349 historia,
613 2276 665 2329 ex
692 2249 783 2348 fine,
814 2275 865 2331 ex
884 2251 1151 2345 observantia,
1181 2253 1351 2360 denique
1371 2255 1498 2362 ajure
1518 2254 1606 2367 de-x

407 2377 534 2456 ducta.
1180 2395 1185 2402 ’

486 2499 691 2606 Siquidem
720 2501 933 2580 Romanus
960 2500 1158 2595 Pontifex,
1187 2501 1285 2582 Pius
1314 2504 1384 2583 lX.
1411 2505 1466 2584 uti
1491 2504 1586 2584 vidi·

405 2651 510 2724 mus,
549 2625 600 2704 ad
637 2625 841 2704 evitandas
884 2625 924 2703 in
967 2624 1185 2706 Ordinibus
1223 2626 1453 2734 disciplinae
1493 2655 1585 2735 per-

405 2750 663 2848 turbationes,
706 2759 745 2830 et
781 2747 977 2854 regularis
1019 2749 1296 2831 observantiae
1338 2752 1582 2852 discrimina,

404 2874 569 2954 instituit
603 2874 710 2953 Vota
737 2876 939 2982 simplicia,
970 2873 1022 2954 ita
1050 2882 1092 2955 ut
1118 2877 1337 2956 Professus
1368 2876 1508 2957 videns
1537 2905 1584 2959 se

406 2999 511 3079 nolle
539 2999 712 3105 amplius
740 2999 901 3094 reputas
919 2998 1089 3080 Claustri
1109 3001 1292 3098 tolerare,
1312 3001 1347 3080 ei
1364 3001 1584 3084 valedicere

408 3124 537 3231 possit
563 3124 671 3230 quod
700 3123 893 3203 verificari
922 3125 1102 3232 nequiret
1129 3125 1163 3204 si
1197 3126 1342 3206 Votum
1375 3125 1588 3208 Castitatsi

406 3251 446 3330 in
475 3275 550 3329 suo
578 3248 724 3328 robore
743 3256 924 3328 maneret
942 3258 1080 3329 contra
1098 3250 1342 3330 voluntatem
1364 3260 1450 3331 tum
1470 3253 1581 3333 lnsti-

408 3373 560 3472 tutoris
590 3381 675 3453 tum
703 3371 962 3453 Postulantis

486 3499 653 3603 Insuper
695 3497 884 3577 institutio
932 3498 1128 3578 Votorum
1155 3500 1396 3608 Simplicium
1437 3500 1575 3580 locum

406 3621 543 3702 habuit
571 3621 633 3700 die
662 3623 713 3701 19
741 3622 876 3704 Martii
898 3621 1021 3702 1857:
1052 3631 1088 3702 et
1116 3650 1254 3702 coram
1277 3625 1448 3704 Summo
1475 3624 1583 3702 Pon-

406 3745 509 3830 tifice
544 3746 781 3845 Institutore,
818 3757 856 3826 et
889 3748 1111 3828 Secretario
1153 3749 1194 3827 S.
1234 3743 1579 3852 Congregationis,

406 3871 506 3976 legis
526 3881 699 3968 auctore,
721 3881 813 3954 vota
832 3871 1027 3978 simplicia
1045 3871 1273 3978 dispensata
1288 3871 1436 3978 pluries
1455 3871 1578 3969 fuere,

406 4003 664 4078 etmnerrlo
689 4043 740 4056 --
767 3997 888 4099 firmo
920 4010 1148 4076 remanente
1180 4005 1266 4077 coto
1302 3997 1497 4074 castitatis
1526 4042 1577 4054 —

405 4147 565 4227 semper
583 4145 732 4202 maora
760 4122 839 4200 fuit.

485 4245 605 4351 Atqui
640 4248 891 4325 obseruantia
919 4253 979 4324 est
1001 4248 1135 4353 potior
1153 4253 1191 4326 et
1219 4245 1449 4325 anthentica
1476 4244 1576 4349 legis

405 4369 681 4476 interpretatio,
711 4397 734 4449 a
763 4396 841 4476 qua
878 4369 1032 4450 incivile
1068 4378 1128 4450 est
1165 4370 1326 4450 arbitrio
1368 4370 1575 4466 recedere3
