3550 5434
729 559 870 613 ...81-

212 765 233 812 «
265 745 303 816 et
322 737 543 841 vagationis
563 738 722 817 occasio
741 737 912 836 tollatur,
936 739 1155 819 Conocotcs
1178 740 1384 821 euasura

212 889 234 938 «
257 869 451 968 perpetuo
467 889 516 940 ac
543 861 750 966 diligenter
767 853 959 959 seruetur,
981 889 1028 942 ac
1047 872 1296 971 proptereaa
1315 866 1391 946 Su-

212 1016 235 1063 «
265 986 420 1092 periora
448 981 595 1066 Ianitor
614 986 886 1086 constituatur,
917 987 983 1093 qui
1013 987 1212 1093 diligentia
1236 1016 1283 1068 ac
1303 1016 1389 1069 mo-

213 1137 235 1186 «
266 1137 359 1189 rum
386 1109 605 1214 integritate
634 1111 808 1190 maxime
837 1113 1152 1211 commendetur,
1181 1113 1216 1192 is
1244 1113 1389 1194 ianuae

214 1263 236 1310 «
266 1233 577 1316 cunstodiendae
618 1262 778 1342 semper
820 1236 991 1336 assistat,
1035 1263 1205 1344 eamque
1236 1237 1386 1317 nemini

216 1389 238 1438 «
266 1361 455 1440 Fratrum
474 1361 635 1466 aperiat,
665 1361 739 1439 nisi
764 1361 921 1441 socium
940 1370 978 1441 et
996 1362 1167 1442 exeundi
1187 1361 1390 1442 licentiam

215 1513 238 1560 «
269 1483 492 1568 obtinuerit.
522 1515 542 1563 u

296 1601 444 1686 Nullus
486 1605 652 1712 proinde
680 1635 702 1687 6
730 1608 937 1688 Conventa
967 1606 1102 1711 egredi
1145 1607 1287 1687 audeat
1315 1605 1391 1685 nisi

212 1756 267 1810 ex
295 1729 515 1810 rationabili
544 1757 679 1831 causa,
709 1758 802 1812 cum
832 1732 944 1811 socio
973 1741 1010 1811 et
1038 1733 1196 1811 licentio
1227 1731 1389 1837 singolis

212 1854 357 1935 vicibus
385 1857 600 1963 impetrato
628 1886 655 1935 α
684 1857 913 1965 Superiora.

297 1979 437 2086 Neque
467 2005 561 2059 vero
590 1980 630 2059 in
648 1981 887 2062 Clausulam
909 1981 1064 2086 ingredi
1085 1980 1214 2061 valeat
1235 1979 1390 2081 mulier,

213 2103 290 2183 etsi
317 2102 474 2201 nobilis,
505 2114 573 2185 aut
600 2104 824 2214 Religiosis¹
844 2104 1086 2213 propinqua,
1115 2105 1269 2212 absque
1296 2105 1394 2210 legi-

213 2227 313 2308 tima
342 2255 464 2308 causa
493 2237 530 2308 et
572 2229 658 2309 sine
687 2229 843 2310 licentia
884 2231 1060 2310 Romani
1102 2229 1311 2310 Pontifiois
1353 2229 1393 2308 in

213 2351 373 2458 scriptis
402 2353 653 2434 conferenda.

298 2477 403 2557 Hinc
432 2480 471 2558 S.
502 2477 779 2583 Congregatio,
809 2477 1063 2586 petitionibus
1074 2476 1391 2575 obvenientibus

214 2629 439 2708 numquam
458 2602 692 2683 mulieribus
712 2603 899 2709 permittit
917 2603 1136 2685 Clausurae
1159 2601 1391 2706 ingressum

214 2774 269 2786 -
298 2729 373 2805 nisi
398 2727 669 2807 determinatis
698 2729 864 2816 rioldum
892 2727 1047 2806 dnobus
1075 2727 1247 2806 honestis
1274 2726 1389 2804 sociis

215 2853 412 2931 comitatis
421 2879 438 2946 ;
465 2879 542 2932 non
572 2859 664 2932 onte
692 2852 795 2931 Solis
824 2859 971 2947 ortum,
1002 2878 1126 2957 coquo
1165 2858 1255 2957 post
1289 2849 1392 2929 Sota

215 3003 414 3056 occasum.

300 3103 502 3208 Operariis
544 3111 677 3182 autem
719 3101 954 3182 mulieribus
991 3102 1222 3206 ingressum
1259 3099 1393 3179 huius-

216 3227 340 3323 modi,
369 3254 416 3306 ea
444 3236 598 3308 tautum
627 3253 819 3334 expressa
846 3226 947 3331 lege,
977 3227 1157 3306 concedit
1189 3256 1209 3304 «
1238 3233 1281 3305 ut
1308 3250 1394 3303 mu-

221 3385 243 3432 «
273 3351 389 3432 lieres
431 3379 501 3459 per
541 3352 705 3433 ianuam
744 3380 768 3433 a
809 3351 1111 3456 Religiosorum
1152 3348 1393 3431 habitatione

220 3509 242 3556 «
273 3504 441 3584 prorsus
483 3486 709 3585 separatam
750 3477 1022 3582 ingrediantur
1051 3486 1089 3554 et
1125 3474 1393 3580 egrediantur,

221 3633 242 3680 «
274 3612 312 3682 et
339 3603 388 3682 ad
415 3601 563 3699 locum,
603 3601 792 3708 quamdiu
831 3601 943 3708 ipsae
979 3599 1127 3680 ibidem
1160 3597 1393 3695 manebunt,

220 3760 242 3808 «
274 3728 466 3832 Religiosi
494 3727 658 3807 minime
678 3728 879 3823 accedant,
900 3725 1021 3806 unico
1042 3730 1222 3829 excepto,
1243 3721 1278 3800 si
1294 3721 1394 3800 forte

219 3889 241 3932 «
275 3879 376 3960 opus
404 3852 530 3952 luerit,
560 3861 772 3960 provectae
809 3851 949 3931 aetatis
985 3858 1023 3929 et
1049 3848 1240 3956 probatae
1277 3847 1394 3943 vitae,

220 4009 242 4056 «
274 3979 340 4084 qui
369 3978 517 4084 praesit
544 3977 753 4084 operibus;
784 3974 968 4057 adhibitis
996 3981 1201 4054 caeterum
1229 3968 1394 4051 cautelis

221 4134 242 4182 «
273 4131 324 4183 ne
362 4104 540 4184 oriantur
576 4100 778 4201 scandala,
822 4127 945 4208 super
981 4098 1129 4206 quibus
1166 4093 1396 4204 Superioris

220 4260 242 4309 «
272 4227 411 4308 localis
439 4236 627 4309 oneratur
655 4224 900 4306 conscientia
930 4254 965 4304 ».
1333 4307 1336 4312 ,

302 4353 397 4432 lnde
424 4351 646 4459 quaeritur:
690 4358 817 4457 potest
853 4376 980 4429 necne
1018 4347 1246 4456 hujusmodi
1282 4347 1397 4426 Clau-

215 4503 363 4559 suram
390 4476 622 4583 dispensare
650 4475 908 4582 Episcopus?

1303 4633 1317 4675 6

1545 933 1556 967 b
