3550 5434
882 551 1039 608 -166-

376 731 503 838 inquit
522 778 573 790 --
588 730 621 811 si
641 757 784 810 eorum
803 727 1121 836 competentibus
1149 727 1405 834 Apostolicae
1434 727 1554 808 Sedis

376 856 660 936 Tribunalibus
688 853 880 959 Religiosi
909 853 1121 933 voluntatis
1149 880 1247 932 suae
1267 879 1412 931 causas
1432 879 1555 958 expo-

377 982 528 1061 suerint
556 988 673 1086 atque
702 979 999 1086 postulaverint,
1029 977 1135 1058 haud
1164 1003 1284 1082 aegre
1312 1004 1335 1056 a
1362 977 1555 1057 Romano

376 1105 570 1185 Pontifice
599 1111 846 1210 opportunae
875 1101 1080 1182 facultates
1108 1102 1375 1206 indulgentur.

456 1238 511 1309 nt
530 1231 734 1336 quomodo
749 1229 788 1307 id
804 1227 942 1332 negari
971 1227 1111 1334 possit,
1133 1226 1241 1333 quod
1256 1225 1323 1333 jus
1342 1225 1555 1330 sanguinis

376 1354 540 1461 repetita

458 1479 564 1558 Hinc
591 1478 632 1557 S.
662 1475 927 1580 Congregatio
955 1474 1140 1580 precibus
1155 1473 1455 1580 Religiosorum
1479 1505 1499 1551 «
1514 1475 1555 1554 si

382 1633 402 1680 «
430 1603 598 1682 ceritati
626 1602 824 1696 nitantur,
853 1599 1023 1704 benigne
1060 1599 1217 1689 annuit:
1246 1606 1283 1678 et
1312 1599 1409 1704 ipsis
1437 1597 1555 1678 lieen-

382 1758 403 1806 «
431 1727 528 1806 tiam
556 1725 737 1806 concedit
764 1722 949 1803 manendi
978 1730 1090 1803 extra
1119 1723 1348 1803 Claustrum
1386 1723 1556 1803 durante

382 1882 403 1929 «
433 1852 657 1933 Parentum
699 1848 853 1928 asserta
881 1848 1127 1945 necessitate3
1156 1847 1292 1928 habitu
1334 1853 1469 1926 tamen
1495 1872 1557 1925 re

384 2004 405 2053 ‹<
434 1975 561 2079 gulari
590 1973 693 2054 illico
722 1972 918 2069 dimisso;·
950 1972 1193 2078 caeterisque
1230 1972 1426 2079 impositis
1465 1997 1557 2050 con-

384 2129 404 2176 «
434 2098 651 2180 ditionibus
678 2099 725 2177 P.
755 2096 940 2178 Generali
968 2096 1166 2176 benevisis
1195 2126 1233 2176 ».

460 2223 707 2329 Quandoque
736 2221 967 2326 Religiosus
986 2222 1038 2302 ita
1053 2229 1113 2300 est
1130 2221 1273 2300 morbo
1289 2220 1555 2326 praepeditus,

380 2356 424 2428 ut
450 2355 620 2455 nequeat
649 2349 689 2426 in
716 2345 957 2446 Claustrum‚
974 2345 1178 2452 speciatim
1198 2345 1401 2424 hodiernis
1421 2344 1557 2450 adjun-

382 2472 466 2571 ctis
497 2499 615 2552 suam
645 2497 786 2551 curare
813 2470 1091 2552 valetudinem.
1111 2498 1132 2547 <r
1161 2471 1211 2550 Et
1240 2479 1331 2549 tunc
1359 2471 1398 2550 S.
1429 2468 1558 2550 Sedes

385 2626 406 2676 a
435 2597 470 2676 ei
499 2596 725 2677 facultatem
752 2593 888 2674 tribuit
915 2595 1102 2674 manendi
1133 2605 1245 2674 extra
1274 2592 1456 2675 Claustra
1484 2592 1558 2672 ha-

386 2751 407 2798 «
434 2720 516 2801 bitu
543 2719 717 2824 regulari
747 2720 853 2799 illico
869 2718 1047 2818 dimisso,
1069 2718 1242 2797 durante
1262 2727 1422 2797 asserta
1443 2716 1557 2817 infir-

387 2874 408 2922 «
435 2847 577 2923 mitate
605 2873 640 2924 n.

464 2967 711 3074 Plerumque
739 2968 890 3063 accidit,
908 2975 950 3046 nt
977 2967 1206 3072 Religiosus
1226 2966 1385 3073 aliquod
1406 2991 1557 3045 munus

384 3119 572 3172 exeruere
601 3092 729 3171 valeat
756 3090 1050 3198 incompatibile
1078 3118 1172 3172 cum
1200 3091 1335 3171 habitu
1368 3087 1555 3195 regulari,

381 3245 538 3324 perse,
568 3216 629 3296 vel
659 3217 820 3295 ruti-'one
857 3218 1073 3324 terporis·
1101 3227 1195 3296 tune
1223 3216 1339 3296 datur
1382 3213 1557 3294 saecula-

384 3342 521 3422 rizatio
550 3341 725 3421 durunte
764 3368 939 3419 nicanore.
985 3340 1137 3420 Dicitur
1161 3367 1238 3446 per
1269 3368 1310 3419 se
1338 3366 1388 3418 ex
1432 3365 1491 3444 gr.
1522 3337 1554 3418 si

385 3467 475 3572 quis
503 3466 680 3571 officium
708 3467 855 3545 tutoris
883 3474 921 3544 et
949 3465 1144 3546 curatoris
1173 3467 1400 3546 necessario
1429 3463 1558 3543 adim-

386 3590 493 3698 plere
521 3590 571 3669 sit
597 3599 771 3671 coactus

347 3711 353 3718 ⁴
465 3713 618 3795 Dicitur
646 3716 806 3794 ratione
834 3716 1024 3821 temporis
1053 3740 1120 3794 ex:
1150 3739 1209 3818 gr.
1240 3713 1272 3792 si
1302 3714 1392 3819 quis
1410 3714 1558 3792 Parae-

386 3840 490 3919 ciam
519 3839 737 3945 quamdam
765 3865 903 3942 regere
933 3847 1122 3918 teneatur.

465 3963 647 4069 Denique
675 3965 834 4042 ratione
862 3963 1001 4043 dontus
1043 3964 1355 4070 tranquillitatis
1362 3988 1377 4054 ;
1406 3962 1439 4040 si
1467 3961 1558 4069 quis

385 4115 475 4169 aere
504 4088 634 4168 alieno
663 4095 864 4192 gravatus
895 4115 1048 4195 pacem,
1079 4089 1118 4166 in
1147 4087 1299 4168 silentio
1320 4087 1554 4188 solitudinis

385 4212 577 4292 molestiis
597 4212 752 4292 afficiat:
782 4221 819 4291 et
838 4221 932 4291 tunc
952 4213 1282 4294 Saeculariautio
1302 4215 1340 4290 ei
1359 4211 1559 4291 etenum

387 4335 510 4416 donec
539 4336 809 4417 creditoribus
836 4339 939 4418 sutis
964 4339 1123 4440 frictum
1151 4364 1230 4417 non
1258 4339 1322 4418 sit.

466 4461 608 4540 Evenit
636 4460 860 4568 aliquande,
891 4470 934 4542 ut
962 4461 1192 4566 Religiosus
1226 4463 1429 4570 quoddam
1471 4461 1557 4560 iter,
