3550 5434
867 509 1029 562 ..205-

359 687 393 766 si
423 713 503 765 non
533 687 670 766 deceat
697 686 837 793 culpas
865 687 926 766 vel
948 685 1113 765 erimina
1141 695 1274 793 aperte
1295 685 1538 790 significare3

361 820 452 892 tunc
479 812 564 918 ipse
593 819 771 909 vocatur,
816 823 859 892 ut
900 813 1012 892 sistat
1052 838 1190 891 coram
1223 812 1460 916 Magistratu
1489 811 1538 892 ad

358 963 529 1016 examen
559 936 850 1044 sustinendum.

438 1064 481 1143 Si
510 1064 785 1170 obtemperare
813 1068 1042 1142 Accusatus
1070 1068 1240 1158 recusat,
1261 1062 1295 1140 ei
1315 1067 1540 1167 perempto-

358 1188 464 1266 rium
491 1196 650 1294 tempus
678 1188 844 1295 praefigi
864 1195 1030 1294 oportet,
1061 1214 1141 1294 quo
1170 1186 1356 1267 inutiliter
1387 1187 1536 1293 elapsa,

358 1310 477 1391 etiam
507 1315 799 1392 contumaciter
819 1313 1056 1420 proceditur.

438 1436 509 1516 Sin
537 1463 632 1516 vero
662 1438 776 1517 adeat
804 1437 1010 1536 Tribunal,
1053 1437 1271 1517 formaliter
1299 1435 1470 1533 auditur,
1501 1442 1539 1514 et

358 1560 459 1641 facta
489 1559 773 1641 contestatione
815 1561 958 1667 culpae
992 1559 1052 1639 vel
1081 1559 1270 1658 criminis
1315 1560 1539 1640 declaratur

358 1712 453 1764 eum
481 1685 521 1763 in
550 1684 774 1765 sanctiones
802 1685 1018 1765 canonicas
1042 1683 1270 1764 incurrisse.

438 1811 555 1889 Tunc
583 1810 617 1889 ei
646 1808 826 1889 tribuitur
854 1809 1021 1890 facultas
1049 1835 1167 1888 suam
1196 1809 1331 1888 tuendi
1350 1810 1538 1890 innoeen-

358 1934 466 2029 tiam,
496 1935 751 2039 rationesque
792 1932 1012 2013 deducendi
1051 1933 1135 2013 sive
1162 1959 1234 2038 per
1261 1962 1316 2032 se,
1355 1933 1438 2013 sive
1467 1959 1537 2040 per

358 2058 610 2138 defensorem
631 2058 820 2138 electum:
842 2058 1000 2163 quodsi
1018 2057 1054 2137 id
1075 2059 1204 2138 facere
1223 2066 1391 2155 recusat,
1412 2059 1536 2140 ludex

358 2209 430 2288 pro
459 2182 643 2262 tribunali
672 2181 828 2280 sedena,
850 2211 902 2263 ex
922 2183 1054 2261 officio
1075 2183 1326 2262 defensorem
1347 2184 1536 2288 deputare

357 2305 492 2403 debet3
522 2307 589 2412 qui
617 2308 804 2386 defensor
821 2316 956 2387 tamen
977 2307 1075 2386 inter
1096 2306 1194 2386 alios
1217 2307 1455 2412 Religioses
1479 2309 1536 2386 vir

358 2430 468 2510 omni
496 2432 729 2537 exceptione
758 2432 898 2538 major,
931 2432 1001 2510 erit
1037 2429 1253 2536 eligendus.
1295 2433 1368 2514 Cui
1402 2433 1535 2512 statim

357 2583 504 2635 causae
546 2555 787 2636 documenta
830 2564 924 2635 sunt
966 2557 1314 2656 communicanda,
1357 2566 1400 2636 ut
1439 2585 1536 2636 vera

357 2681 583 2784 cognitione
602 2707 725 2760 suum
745 2689 929 2759 exerceat
959 2681 1152 2761 officium:
1182 2691 1220 2762 et
1247 2682 1279 2760 si
1305 2677 1350 2759 'in
1378 2682 1535 2788 scriptis

357 2805 531 2883 rationes
551 2803 731 2902 deducat,
749 2831 817 2883 eas
836 2804 1025 2884 exhibere
1045 2812 1173 2910 potest
1182 2805 1394 2912 judicibus,
1415 2807 1533 2886 etiam

357 2934 448 3007 ante
476 2955 623 3008 causae
642 2927 969 3033 disquisitionem.
991 2931 1103 3024 Quae
1123 2929 1257 3010 omnia
1277 2930 1534 3010 Procuratori

357 3057 391 3133 F
392 3053 500 3131 iscali
530 3053 673 3131 eodem
702 3062 881 3158 tempore
901 3062 1188 3160 proponuntur.
1210 3055 1326 3153 Hinc,
1343 3063 1442 3136 stata
1459 3055 1533 3153 die,

356 3177 407 3256 ab
436 3177 666 3256 auctoritate
695 3179 931 3282 competenti
952 3178 1091 3257 citatur
1120 3205 1280 3284 quoque
1308 3190 1532 3277 accusatus

357 3310 399 3380 ut
427 3299 688 3406 disquisitioni
717 3300 990 3382 adsistentium
1020 3311 1202 3410 praestet.

437 3429 499 3504 Ac
528 3425 688 3530 praevio
716 3433 809 3504 voto
838 3429 872 3505 F
873 3426 1028 3523 iscalis;
1058 3427 1439 3534 deductionibusque
1468 3431 1536 3509 de-

357 3550 519 3630 lensivis
548 3549 753 3652 diligenter
779 3551 1053 3649 consideratis,
1090 3579 1253 3632 summa
1282 3552 1469 3634 charitate
1497 3563 1536 3635 et

356 3674 576 3783 prudentia,
606 3700 860 3780 quacumque
904 3675 1081 3754 humana
1118 3677 1324 3756 affectione
1368 3688 1533 3778 remota,

356 3797 550 3876 Tribunal
591 3822 712 3876 suum
749 3798 945 3904 judicium
993 3799 1152 3899 emittat,
1201 3827 1295 3880 cum
1341 3823 1536 3907 expressa

356 3921 556 4000 mentione
585 3920 837 4036 sanctionum
865 3923 1171 4019 Canonicarum,
1203 3925 1374 4031 quaein
1403 3926 1535 4032 specie

357 4045 614 4151 applicantur.

435 4171 634 4250 Sententia
676 4171 901 4251 notificetur
942 4173 1069 4252 eidem
1114 4175 1321 4254 Accusata
1368 4178 1534 4285 ejusque

356 4294 555 4400 Episcopo
597 4295 762 4400 originis
772 4323 836 4394 ;a
879 4324 958 4402 qua
1000 4306 1134 4379 tamen
1176 4301 1291 4380 Reus
1334 4301 1533 4408 appellare

356 4425 500 4522 potest:
548 4427 585 4498 et
630 4421 933 4526 appellationem
976 4425 1163 4530 prosequi
1202 4426 1316 4532 juxta
1359 4426 1531 4505 formam
