3550 5434
710 515 854 574 „55-

188 697 399 801 telligatur,
429 697 496 804 qui
525 696 668 778 saltem
697 723 824 778 unum
861 697 1101 802 suffragium
1129 723 1254 804 supra
1291 725 1374 777 me·

189 823 377 902 dietatem
405 821 628 902 obtinuerit.
658 822 700 903 Si
728 822 937 928 postulans
965 822 1144 928 praelato
1180 821 1372 903 scrutinio

188 947 385 1054 probatus
414 946 543 1043 luerit,
571 973 754 1046 examen,
784 958 822 1027 et
841 946 1079 1028 scrutinium
1098 947 1246 1053 scripto
1275 947 1373 1026 fide-

187 1071 278 1151 liter
297 1080 509 1151 exaratum
528 1070 803 1169 ProvincialiS,
824 1077 863 1150 et
881 1071 1160 1178 unusquisque
1188 1097 1239 1150 ex
1263 1072 1374 1149 Exa-

188 1194 457 1274 minatoribus
499 1221 622 1274 manu
665 1193 825 1300 proprie
867 1192 1094 1273 subscribet
1130 1194 1371 1274 declarando

187 1321 311 1400 ctiam
340 1345 432 1398 sese
460 1319 597 1399 omnia
624 1319 812 1425 requisita
843 1346 866 1398 a
893 1319 964 1400 SS.
994 1317 1238 1416 CanonibuS,
1267 1319 1373 1399 Con-

187 1443 462 1525 stitutionibus
491 1452 528 1524 et
556 1444 725 1525 decretis
762 1443 1009 1550 Apostolicis
1045 1451 1083 1524 et
1118 1443 1299 1548 Regulis,
1334 1451 1372 1522 et

186 1569 354 1652 Statutis
384 1569 592 1676 respectivi
621 1567 784 1650 Ordinis
812 1569 1059 1675 praescripta
1087 1567 1220 1648 debito
1248 1567 1371 1647 modo

187 1695 469 1791 examinasse;
505 1693 736 1800 hujusmodi
775 1719 870 1772 vero
899 1692 1132 1772 relationem
1161 1692 1370 1790 examinis

187 1831 227 1900 et
266 1819 456 1916 scrutinii,
495 1831 533 1900 et
569 1818 836 1925 respectivam
874 1817 1186 1899 declarationem
1222 1818 1373 1925 jureju-

185 1944 318 2024 rando
339 1944 589 2024 confirment.
610 1943 766 2039 Quibus
785 1943 957 2049 peractis
975 1943 1239 2023 Provincialis
1259 1969 1374 2049 prae-

187 2070 314 2149 latam
334 2067 578 2166 relationem,
600 2076 638 2146 et
657 2066 968 2147 declarationem
987 2093 1069 2146 una
1096 2092 1190 2147 cum
1210 2066 1374 2146 authen-

185 2193 279 2272 ticis
307 2193 559 2272 documentis
587 2193 637 2272 ad
666 2192 925 2297 Superiorem
954 2191 1195 2296 generalem,
1230 2191 1293 2270 vel
1323 2189 1373 2270 ed

183 2318 504 2397 Procuratorem
524 2315 765 2420 generalem,
787 2324 905 2422 prout
932 2316 1096 2395 inferius
1124 2317 1165 2395 in
1185 2315 1292 2396 artic.
1314 2314 1374 2394 XI

184 2438 466 2547 explicabitur,
488 2441 708 2520 trasmittet.
740 2440 801 2518 Ne
820 2448 954 2519 autern
975 2439 1093 2546 hujus
1114 2437 1259 2519 decreti
1279 2463 1374 2516 exe-

184 2565 298 2645 cutio
341 2564 545 2643 dilleratur
586 2591 715 2670 usque
758 2564 808 2643 ad
846 2563 1156 2643 celebrationem
1198 2560 1372 2668 proximi

184 2689 361 2796 Capituli
376 2687 438 2768 vel
453 2688 783 2792 Congregationis
802 2686 1078 2786 provincialia,
1094 2686 1252 2766 interim
1268 2687 1373 2764 Exa-

182 2815 412 2895 minatores
427 2812 702 2893 provinciales
717 2813 913 2917 eligantur
928 2839 999 2918 per
1009 2821 1162 2892 secreta
1177 2809 1371 2913 suffragia

184 2968 212 3020 a
241 2937 485 3019 Provinciali
513 2964 594 3017 una
614 2965 708 3017 curn
728 2940 812 3017 suis
840 2935 1141 3033 Definitoribus,
1170 2934 1231 3014 vel
1260 2934 1373 3013 Assi-

182 3063 401 3161 stentihuS,
431 3062 492 3143 vel
522 3062 608 3142 aliis
631 3063 877 3144 Consiliariis
905 3060 1243 3157 Provincialibus3
1272 3058 1373 3140 etsi

183 3187 424 3296 hujusmodi
476 3186 730 3282 Definitores,
767 3186 1032 3280 AssistenteS‚
1070 3182 1293 3267 Consiliarii
1330 3182 1371 3261 in

183 3313 326 3420 aliquo
355 3311 505 3393 Ordine
533 3311 676 3406 desint,
708 3311 845 3390 electio
873 3310 943 3390 fiat
971 3337 995 3389 a
1021 3309 1263 3388 Provinciali
1291 3333 1372 3386 una

183 3464 288 3518 cum
317 3447 488 3544 quatuor
516 3435 733 3540 Religiosis
763 3434 979 3540 gradualis,
1010 3431 1071 3512 vel
1105 3430 1371 3537 gravioribus

184 3563 225 3643 si
255 3561 438 3665 graduali
482 3560 624 3657 desint,
665 3559 845 3666 ejusdem
874 3556 1110 3637 Provinciae
1147 3555 1370 3636 abeodem

184 3683 435 3770 Provinciali
464 3684 716 3791 deputandis,

275 3813 362 3890 Art.
380 3809 447 3889 IV.
461 3812 505 3889 ln
522 3808 753 3904 Ordinibus
771 3806 937 3913 aliisque
952 3807 1155 3904 institutis
1171 3806 1211 3883 in
1227 3801 1374 3910 quibus

183 3933 468 4018 Provinciales
496 3960 577 4013 non
607 3933 792 4030 existunt,
815 3930 875 4010 vel
904 3929 1169 4012 provincialia
1193 3927 1371 4034 Capitula

183 4087 266 4141 seu
295 4058 637 4163 Congregationes
663 4082 744 4134 non
774 4055 1036 4151 celebrantur,
1063 4053 1372 4133 Examinatores

183 4209 267 4293 pro
309 4208 553 4290 unaquaque
599 4183 721 4261 domo
763 4179 988 4258 Novitiatus
1033 4177 1227 4282 eligantur
1260 4176 1374 4282 juxta

183 4310 381 4414 superius
400 4306 690 4412 praescriptam
710 4302 944 4383 methodum
966 4330 988 4381 a
1007 4300 1199 4408 Capitulo,
1221 4299 1370 4395 Diaeta,

183 4459 267 4513 seu
311 4429 631 4536 Congregatione
669 4427 844 4533 generali
886 4437 924 4506 et
963 4426 1153 4534 Superior
1194 4424 1373 4531 ejusdem
