3550 5434
1347 586 1630 641 -35-

312 767 579 847 vantia
636 766 917 871 vigeat,
976 765 1232 872 iisque
1287 765 1578 871 pariter
1637 764 1738 845 ab
1797 764 2176 845 omnibus
2269 765 2370 845 ad
2428 765 2671 845 vitam

310 891 792 971 necessariis
849 890 1159 996 possint
1215 890 1644 969 commode
1701 889 2126 995 provideri.

473 1018 566 1095 P.
625 1015 700 1094 7.
761 1061 864 1073 —
921 1015 1155 1110 Quod
1239 1014 1310 1093 si
1391 1014 1756 1112 reditum,
1846 1022 1922 1093 et
1995 1014 2672 1094 eleemosinarum

312 1141 656 1220 tenuitas
712 1139 1170 1245 hujusmodi
1229 1147 1557 1218 exactae
1611 1139 1821 1220 vitae
1876 1139 2359 1238 communiS,
2405 1138 2673 1218 obser-

311 1264 626 1345 vantiae
684 1263 967 1344 alicubi
1024 1263 1385 1344 videatur
1443 1263 1857 1363 obsistere,
1917 1262 2148 1342 liceat
2177 1264 2481 1343 eisdem
2519 1264 2674 1343 Su-

311 1388 763 1496 perioribus
819 1387 946 1468 vel
1003 1415 1145 1496 per
1202 1414 1557 1468 annuam
1615 1387 2284 1467 contributionem
2324 1386 2671 1467 aliorum

309 1516 875 1595 Conventuum
915 1513 1100 1592 huic
1138 1512 1587 1592 necessitati
1627 1513 2111 1618 prospicere,
2151 1511 2275 1591 vel
2321 1511 2420 1591 ab
2459 1515 2673 1618 Apo-

312 1637 597 1717 stolica
649 1639 856 1718 Sede
914 1664 1055 1743 per
1113 1637 1774 1744 suppressionem
1834 1635 2166 1742 alicujus
2206 1637 2671 1717 Conventus

309 1762 586 1841 minus
642 1762 852 1841 utilis
935 1769 1425 1868 perpetuam,
1513 1763 1636 1841 vel
1696 1762 1797 1842 ad
1880 1768 2225 1867 tempUS,
2312 1760 2437 1840 vel
2520 1761 2672 1840 alia

309 1886 970 1967 denumeratione
1028 1912 1233 1992 quae
1290 1885 1812 1993 opportunior
1868 1885 2040 1964 visa
2098 1885 2355 1985 fuerit,
2422 1874 2673 1964 reme-

308 2010 538 2090 dium
595 2011 1027 2117 postulare.

473 2137 570 2215 P.
629 2134 705 2214 8.
764 2183 866 2194 -
921 2134 1192 2216 Sciant
1246 2160 1440 2214 vero
1498 2135 1974 2240 Superiores
2032 2133 2438 2241 praedicti,
2528 2160 2671 2214 eos

305 2261 445 2366 qui
504 2260 858 2366 praefata
917 2258 1189 2338 omnia
1245 2258 1549 2356 sedulo,
1637 2268 1724 2339 ut
1807 2284 1953 2365 par
2039 2267 2160 2337 est
2236 2258 2671 2366 adimplere

302 2383 790 2478 curaverint,
850 2381 1278 2489 specialem
1339 2409 1385 2461 a
1422 2382 1852 2462 Sanctitate
1889 2383 2055 2462 Sua
2095 2389 2169 2460 et
2205 2382 2411 2462 Sede
2448 2386 2674 2489 Apo-

300 2507 593 2589 stolica
647 2507 982 2587 inituros
1041 2507 1405 2611 gratiam,
1495 2512 1568 2584 et
1624 2506 2224 2611 protectionem,
2294 2515 2532 2612 atque
2587 2507 2668 2586 in

299 2632 398 2711 iis
459 2632 909 2737 praecipue,
971 2658 1176 2738 quae
1238 2630 1335 2711 ad
1368 2630 1845 2710 antedictam
1885 2629 2479 2710 observantiam
2520 2643 2671 2713 sta-

300 2756 740 2836 biliendam
795 2755 1210 2863 pertinent,
1270 2756 1632 2834 favorem
1690 2753 2044 2854 omnem,
2132 2762 2207 2834 et
2280 2755 2670 2835 auxilium

294 2888 808 2987 experturOS,
906 2879 1039 2987 qui
1135 2905 1326 2958 vero
1422 2906 1464 2957 e
1557 2885 1837 2958 contra
1929 2878 2446 2984 negligenteS,
2534 2888 2670 2961 aut

296 3005 562 3112 (quod
620 3004 856 3109 absit)
945 3012 1464 3084 contumaces
1548 3002 1837 3109 reperti
1924 3004 2213 3084 fuerint
2287 3004 2669 3109 gravibus

289 3129 591 3237 poenis
647 3155 793 3235 pro
851 3127 1125 3235 Culpa,
1186 3137 1262 3209 et
1317 3127 1555 3207 etiam
1637 3126 2102 3234 privationis
2190 3130 2664 3228 officiorum,

289 3282 391 3335 ac
452 3260 887 3360 perpetuae
944 3251 1451 3332 inhabilitatis
1509 3252 1610 3331 ad
1668 3279 1784 3352 ea,
1848 3263 1983 3333 aut
2040 3253 2192 3332 alia
2250 3253 2330 3331 in
2404 3262 2671 3360 poste-

287 3405 489 3459 rum
552 3376 1002 3474 obtinenda,
1092 3376 1543 3484 puniendos
1632 3377 1822 3455 fore.
1909 3378 2330 3457 Praefatae
2397 3385 2667 3458 autem

286 3501 865 3583 observantiae
921 3500 1440 3581 nihilominus
1497 3499 2015 3580 stabiliendae
2071 3528 2214 3607 per
2269 3501 2469 3582 alios
2507 3504 2667 3583 Su-

285 3628 687 3735 periores,
733 3626 854 3706 vel
895 3653 1039 3732 per
1075 3624 1703 3707 Commissarios
1734 3626 2250 3729 Apostolicos
2290 3626 2425 3706 ubi
2456 3654 2665 3734 opus

284 3752 561 3847 fuerit,
604 3750 843 3831 etiam
875 3758 1102 3830 extra
1141 3748 1649 3854 Religionem
1690 3752 2231 3831 assumendos
2273 3778 2318 3830 a
2348 3752 2429 3832 S.
2460 3753 2666 3833 Sede

282 3875 731 3956 efficaciter
814 3875 1423 3982 providendum,
1521 3900 2010 3980 omnemque
2104 3874 2442 3973 interim,
2530 3874 2665 3954 ubi

279 4001 588 4082 eadem
647 3999 1156 4080 observantia
1213 4026 1376 4078 non
1433 4001 1753 4107 vigebit,
1812 3998 2241 4104 recipiendi
2297 3998 2662 4078 Novitios

278 4124 750 4208 Licentiam
807 4123 1397 4229 donegandam.

453 4251 560 4329 P.
647 4247 722 4327 9.
785 4296 887 4307 —
961 4249 1222 4327 Porro
1306 4275 1408 4327 ne
1466 4247 1897 4351 Regularis
1956 4247 2389 4354 disciplina,
2468 4250 2663 4330 dum

275 4375 362 4453 in
426 4372 986 4455 Conventibus
1034 4371 1203 4479 jam
1260 4371 1541 4452 erectis
1618 4373 2013 4470 statuitur,
2091 4371 2491 4454 relaxetur
2582 4374 2660 4452 in

272 4495 729 4604 erigendiS,
789 4506 864 4576 et
921 4496 1135 4602 quod
1192 4522 1354 4575 una
1411 4522 1511 4575 ex
1568 4504 1791 4603 parte
1849 4497 2358 4594 construitur,
2422 4497 2659 4577 simul
