3550 5434
873 518 1036 574 -184-

367 694 531 772 ritatem
560 693 737 774 habeant
765 695 1005 802 accipiendi,
1036 724 1086 774 ac
1114 695 1317 775 retinendi
1331 696 1547 802 Beneficia

364 815 670 914 Ecclesiastico,
701 818 784 898 sive
812 819 1070 918 Redentiulia,
1101 819 1162 900 vel
1191 819 1312 901 etiarn
1339 845 1436 900 eum
1464 820 1546 900 ani-

366 967 530 1021 marum
556 945 665 1024 Cura
696 990 745 1002 —
772 944 859 1024 sine
886 942 1148 1052 Apostolicae
1192 943 1309 1024 Sectis
1351 943 1549 1024 habilita-

366 1067 505 1146 tione?

500 1193 555 1271 2.⁰
583 1194 649 1271 An
679 1194 777 1272 insti
795 1194 952 1273 titiones
979 1191 1274 1292 Paroehorum‚
1305 1201 1342 1273 et
1371 1192 1548 1275 Canoni-

367 1341 522 1414 corum,
552 1343 604 1396 ex
619 1316 898 1420 -Religiosis
925 1343 1092 1400 rursum
1118 1317 1547 1424 Saeculariaatisper-

358 1448 494 1548 petae,
510 1466 640 1546 neque
655 1441 705 1522 ad
719 1443 921 1542 Beneficia
937 1442 1146 1524 habilitatis
1163 1489 1213 1502 —-
1229 1441 1307 1524 sint
1327 1441 1544 1540 invalidae,

366 1564 552 1668 quumvis
581 1565 686 1645 bona
704 1565 794 1672 ficte
812 1569 1043 1675 peractae?

500 1689 555 1770 3.⁰
596 1699 663 1769 An
692 1691 886 1771 domnum
926 1690 1082 1771 valeant
1109 1690 1184 1797 ipsi
1212 1691 1253 1769 in
1290 1688 1546 1797 possessione

366 1813 662 1894 Beneficiorum
690 1843 855 1896 manere
882 1815 1002 1896 veluti
1031 1819 1200 1922 lepitimi
1224 1842 1489 1924 possessores

429 1939 499 2017 ,Εἰ
526 1940 567 2020 S.
598 1941 866 2046 Congregetio
895 1940 1007 2020 hisee
1045 1952 1201 2022 mature
1239 1941 1446 2048 perpensis
1483 1941 1547 2021 die

366 2061 418 2140 31
446 2063 625 2144 ianuarii
654 2065 759 2145 1899
787 2063 978 2171 reposuit.

445 2186 521 2266 Aa
535 2191 721 2296 primurn
751 2237 801 2249 -
830 2190 1057 2271 Nnenrlvn.

446 2310 522 2390 Aa
544 2313 761 2393 secandam
780 2362 831 2374 -
850 2313 1121 2413 Investituras,
1142 2315 1191 2394 de
1210 2313 1356 2418 quibus
1377 2313 1417 2392 in
1433 2339 1544 2412 casu,

366 2461 456 2514 esse
483 2438 613 2516 naticae
642 2442 684 2516 in
713 2439 870 2518 radice.

445 2560 521 2671 Act
545 2567 710 2642 tertium
740 2611 790 2624 -
817 2565 1032 2670 Nepatiue,
1063 2572 1101 2644 et
1119 2573 1326 2642 recurrant
1345 2562 1403 2641 act
1414 2563 1456 2642 S.
1478 2561 1547 2642 Se-

366 2683 456 2762 dem
476 2713 558 2792 pro
589 2690 812 2785 sanatione,
850 2688 1148 2784 recalidatiorie,
1192 2689 1477 2785 habilitatione,
1507 2695 1546 2766 et

368 2808 577 2898 facultate.

447 2932 657 3040 Siquidem
684 2945 826 3016 notum
855 2945 916 3017 est
944 2937 1144 3038 omnibus,
1174 2937 1320 3044 etjam
1362 2933 1547 3041 superius

366 3053 586 3158 innuimus
616 3061 698 3139 tria
726 3067 817 3140 cota
836 3063 1083 3170 principalia
1111 3059 1307 3140 solemnia
1326 3105 1377 3118 -
1392 3059 1548 3166 profes·

366 3180 513 3260 sienem
526 3185 741 3264 solemnem
765 3185 977 3266 inducere:
1006 3185 1152 3291 quibus
1178 3184 1398 3290 respectiva
1418 3210 1547 3264 onera

369 3312 407 3384 et
425 3307 531 3412 jura
553 3309 806 3416 respondent.
835 3311 942 3391 Hine
972 3309 1084 3415 (nihil
1113 3309 1288 3389 dicentes
1315 3308 1356 3387 in
1385 3309 1548 3390 easude

367 3439 461 3511 voto
490 3434 691 3539 castitatis)
720 3461 816 3514 cuin
843 3435 940 3514 Soio
971 3434 1126 3514 lndulto
1161 3432 1547 3514 Saecularisationis

359 3565 582 3664 perpetuae
610 3605 659 3618 —
688 3558 918 3663 Religiosus
947 3556 1193 3639 subtrahitur
1223 3603 1273 3616 -
1307 3581 1548 3639 nacionum-

367 3705 490 3762 mna
508 3729 558 3742 —
578 3683 629 3760 ab
658 3683 887 3763 obedientia
917 3681 1144 3789 Superioris
1152 3708 1162 3779 ;
1184 3690 1221 3760 et
1240 3681 1335 3762 nihil
1352 3681 1543 3787 amplius:

368 3807 421 3886 ita
450 3815 493 3888 ut
520 3805 554 3886 si
581 3806 673 3888 velit
697 3808 804 3888 bona
832 3811 1061 3914 acquirere,
1092 3806 1308 3913 possidere,
1340 3807 1390 3886 ad
1419 3809 1549 3886 Bene-

367 3931 458 4012 ficia
486 3940 643 4041 optare;
662 3940 826 4041 oportet,
849 3941 891 4012 ut
920 3931 1258 4038 dispensationem
1277 3939 1547 4036 consequatur

369 4084 392 4136 a
426 4057 529 4137 Vota
548 4062 837 4165 paupertatis;
865 4083 982 4136 secus
1011 4056 1130 4135 etiarn
1149 4052 1226 4132 hoc
1245 4054 1285 4133 in
1305 4081 1380 4136 suo
1401 4054 1549 4134 robore

368 4189 524 4261 munet:
554 4190 592 4262 et
610 4209 661 4262 ex
676 4229 727 4241 —
742 4180 975 4284 Religiosus
991 4179 1086 4258 illud
1115 4205 1278 4258 servare
1298 4177 1549 4258 adamussim

368 4306 494 4386 debet.
524 4307 664 4411 Neque
690 4307 797 4386 bona
817 4305 917 4384 fides
936 4304 1040 4383 valet
1061 4303 1322 4382 idoneitatem
1343 4300 1547 4408 supplere3

368 4432 444 4529 cui,
462 4429 502 4510 in
521 4438 611 4511 actu
638 4431 823 4510 solemnis
842 4429 1135 4534 Professores
1154 4425 1384 4533 juramento
1407 4451 1551 4504 renun-
