3550 5434
737 538 897 594 -137-

225 717 343 798 debet
379 719 642 824 disponere»
674 718 708 796 ei
749 717 964 797 inhaerens
1007 729 1068 798 est
1109 716 1276 798 facultas
1305 719 1404 823 jure

216 844 402 952 proprio,
432 841 529 949 quin
558 841 678 922 aliam
707 851 978 949 consequatur
1005 841 1218 922 licentiam.

306 966 408 1063 Quid
436 967 470 1046 si
500 967 714 1073 disponere
742 965 834 1046 velit
862 994 937 1074 pro
973 966 1059 1048 suis
1096 968 1407 1072 consanpuineis

223 1099 295 1172 aut
322 1091 583 1172 Eaetraneis?

288 1217 421 1296 ¹Tunc
450 1217 500 1296 ad
528 1218 568 1298 S.
598 1216 745 1298 Sedem
778 1227 838 1298 est
879 1216 1182 1315 recurrendum,
1212 1242 1314 1324 quae
1349 1216 1405 1298 nti

221 1341 576 1446 materbenigna:
611 1372 630 1420 «
661 1341 868 1446 indulgere
896 1341 999 1422 solet
1025 1368 1099 1449 pro
1128 1342 1255 1446 gratia
1275 1342 1408 1449 dispo-

227 1497 251 1546 u
281 1467 399 1546 nendi
427 1467 477 1546 de
505 1467 590 1547 suis
619 1466 742 1546 rebus
770 1474 810 1547 et
838 1466 1017 1573 pecuniis
1047 1467 1191 1574 quovis
1231 1466 1407 1571 legitimo

227 1621 250 1670 «
280 1593 401 1672 modo
430 1591 646 1700 acquisitis,
677 1618 748 1698 per
777 1573 900 1672 actus
920 1591 1022 1671 inter
1049 1591 1171 1686 viros,
1201 1590 1263 1670 vel
1283 1618 1407 1672 causa

228 1747 249 1795 a
282 1717 420 1796 mortis
449 1718 569 1798 etiam
597 1743 669 1823 per
701 1724 1002 1814 testamentum,
1040 1715 1261 1795 dummodo
1300 1715 1408 1796 bona

227 1865 248 1913 a
281 1845 319 1916 ct
345 1837 536 1942 pecuniae
564 1865 616 1918 ex
644 1839 853 1918 Conventa
880 1837 942 1916 vel
973 1835 1124 1916 Ordine
1152 1862 1234 1916 non
1266 1862 1408 1940 prove-

227 1989 249 2038 «
282 1961 428 2041 nerint:
453 1962 545 2068 jura
572 1961 682 2042 alteri
711 1960 890 2069 quaesita
919 1960 1031 2040 salva
1050 1967 1260 2056 maneant3
1281 1961 1408 2040 tertia

227 2110 250 2158 u
281 2080 342 2160 vel
371 2083 512 2188 atiquo
534 2109 638 2189 pars
665 2080 717 2161 sit
744 2107 817 2188 pro
834 2081 978 2161 eodem
997 2079 1149 2160 Ordine
1168 2079 1406 2186 praelevata3

226 2233 249 2283 u
283 2215 401 2312 atque
415 2205 678 2286 adhibeantur
698 2205 874 2286 cautelae
894 2232 946 2286 ne
961 2204 1152 2284 scandala
1172 2204 1350 2284 oriantur
1370 2231 1406 2280 n·

308 2329 414 2410 Hinc
456 2330 692 2436 saepissime
734 2331 916 2409 oriuntur
953 2329 1241 2435 disputationes
1283 2355 1407 2435 super

223 2454 293 2534 illa
322 2455 613 2561 praelavatione
654 2456 802 2534 tertiae
819 2454 892 2534 vel
921 2453 1099 2558 alicujus
1129 2456 1281 2562 partis,
1311 2480 1406 2532 nam

225 2579 339 2659 aiunt
365 2578 545 2660 nonnulli
561 2605 611 2660 ex
627 2577 965 2684 religiosis-inibi
994 2577 1059 2681 agi
1087 2578 1136 2658 de
1164 2577 1285 2657 rebus
1309 2603 1407 2684 pro-

221 2704 401 2806 fectitiis
429 2703 491 2783 vel
519 2703 765 2800 adnectitiis,
784 2702 844 2782 vel
856 2702 1236 2811 parsimonialibus,
1268 2709 1306 2781 et
1332 2727 1405 2808 per

224 2853 481 2934 consequens
510 2855 649 2908 earum
677 2827 992 2935 dispositionem,
1022 2825 1110 2906 sine
1149 2825 1231 2906 ullo
1264 2851 1407 2931 grava-

222 2954 348 3048 mine,
364 2951 567 3057 religiosis
589 2961 816 3058 compctere
839 2951 995 3058 justum
1023 2960 1149 3031 esset:
1179 2958 1288 3032 tanto
1326 2977 1407 3030 me-

222 3077 315 3174 lius,
338 3103 430 3157 cum
444 3078 685 3184 quandoque
700 3083 882 3182 poterant
897 3075 1111 3181 disponere
1130 3077 1246 3180 prati
1274 3075 1406 3153 animi

222 3201 492 3282 sensualium
513 3227 594 3310 pro
628 3201 850 3280 eoetrancis.

308 3326 387 3406 Sed
414 3323 644 3406 huiusmodi
673 3323 918 3404 ratiocinatio
947 3323 1113 3402 falsitate
1149 3322 1325 3401 laborat:
1354 3321 1406 3400 si-

222 3449 401 3557 quidem,
430 3457 473 3530 ut
495 3450 580 3557 jam
609 3448 881 3555 probavimus,
911 3447 1032 3527 relate
1060 3446 1111 3526 ad
1144 3445 1402 3543 Monasteria,

223 3601 371 3654 omnes
399 3574 515 3654 silent
533 3573 804 3654 distinctiones
815 3598 825 3668 ;
845 3572 922 3650 hoc
939 3598 1061 3651 unum
1088 3577 1242 3650 tantum
1262 3595 1405 3648 verum

222 3707 350 3778 est-
361 3698 793 3806 quidquidMonacltus
803 3697 985 3802 acquirit
1001 3696 1258 3776 *noneste-to
1270 3695 1404 3800 oequi-

224 3826 298 3902 rit.
320 3824 424 3906 Hinc
452 3824 484 3902 si
514 3822 694 3904 Ecclesia
717 3823 866 3929 judicat
884 3847 957 3927 pro
978 3819 1128 3900 Ordine
1147 3845 1270 3898 unum
1288 3817 1405 3924 patri-

222 3947 351 4028 monii
373 3957 548 4055 partem,
578 3948 807 4054 relinquens
836 3945 1026 4025 voluntati
1055 3953 1092 4024 et
1107 3943 1291 4050 potestati
1319 3942 1405 4021 reli-

222 4073 329 4178 giosi
350 4071 447 4154 alias
465 4072 568 4154 duas
582 4079 735 4180 portes,
757 4097 838 4150 non
859 4072 980 4150 modo
1009 4067 1193 4176 injuriam
1214 4067 1400 4172 religioso

224 4223 311 4278 non
339 4197 473 4293 inlert;
502 4196 573 4276 sed
605 4223 696 4276 vere
723 4194 935 4275 liberaliter
963 4219 1057 4274 cum
1084 4220 1132 4272 eo
1161 4191 1253 4296 agit,
1270 4200 1307 4269 et
1326 4191 1404 4270 hoc

224 4323 394 4430 planum
423 4331 495 4402 est.

311 4447 483 4527 Proinde
497 4447 536 4528 S.
558 4445 824 4551 Congregatiu
840 4493 852 4504 -
866 4447 1137 4524 asserentibus
1165 4443 1271 4522 lianc
1283 4469 1404 4551 prue-
