3550 5434
892 420 1035 475 ..54-

373 604 481 676 tores
500 596 561 676 vel
583 596 843 697 Assistentas,
863 598 927 678 vel
943 597 1018 695 alii,
1035 624 1292 705 quocumque
1306 598 1555 705 appellentur

373 720 547 820 nomine,
568 720 791 802 Consiliarii
806 720 1083 828 provinciales
1106 722 1185 802 duo
1206 749 1258 802 ex
1277 722 1376 829 ipsis
1395 722 1436 800 in
1452 725 1557 802 Exa-

373 843 590 924 minatores
610 844 845 949 deligantur.
871 846 1182 925 Examinatores
1200 847 1242 926 in
1271 847 1449 952 praefato
1468 873 1555 925 mu-

373 993 468 1047 nere
504 995 635 1076 usque
671 970 721 1049 ad
754 995 906 1050 novum
945 970 1188 1077 provinciale
1220 969 1447 1077 Capitulum
1480 997 1555 1049 seu

373 1093 735 1197 Congregationem
754 1094 1043 1200 perdurabunt.

454 1220 538 1296 Art.
570 1220 632 1298 Ill.
663 1219 765 1298 Cum
794 1217 936 1325 aliquis
956 1220 1006 1299 ad
1025 1218 1211 1299 habitum
1230 1219 1352 1326 recipi
1382 1218 1555 1325 postula-

373 1341 483 1438 verit,
502 1341 766 1422 Provincialis
786 1343 923 1422 omnia
942 1343 1125 1450 exquirat
1153 1321 1405 1442 docrimenta,
1435 1351 1473 1422 et
1497 1368 1557 1420 re

373 1465 515 1570 quisita
528 1466 578 1545 ad
589 1466 879 1572 praescriptum
894 1467 969 1549 SS.
982 1470 1205 1566 Canonum,
1218 1467 1557 1548 Constitutionum

373 1589 712 1694 Apostolicorum,
742 1592 996 1670 decretorum
1026 1594 1068 1672 S.
1096 1592 1476 1696 Congregationum,
1508 1617 1557 1670 ac

375 1722 615 1794 statutorum
635 1714 811 1812 Ordinis,
833 1724 870 1794 et
888 1714 1095 1820 diligenter
1125 1716 1297 1823 inquirat
1325 1717 1431 1795 circa
1450 1715 1557 1796 illius

375 1838 595 1946 qualitates
624 1848 758 1919 utrum
787 1866 933 1945 nempe
961 1839 1011 1919 ab
1032 1841 1142 1920 omni
1172 1841 1339 1940 defectu,
1370 1849 1407 1919 et
1435 1840 1557 1945 impe-

376 1963 551 2042 dimento
566 1963 758 2042 immunis
774 1963 834 2058 sit,
852 1971 889 2042 et
904 1963 1145 2044 necessariis
1164 1964 1324 2044 dotibus
1339 1963 1555 2070 praeditae,

376 2087 563 2191 religioso
591 2087 711 2168 statui
739 2087 908 2168 idoneus
938 2088 1131 2168 ucetiam
1163 2115 1214 2167 an
1243 2113 1382 2167 amore
1410 2087 1500 2193 pert
1542 2135 1558 2144 -

377 2210 487 2290 tioris
516 2211 629 2306 vitae,
660 2221 697 2290 et
725 2213 811 2290 Deo
839 2211 1003 2291 liberius
1030 2211 1070 2291 in
1099 2211 1311 2317 Religione
1343 2209 1555 2310 serviendi,

377 2367 449 2420 seu
464 2340 596 2447 potius
614 2340 781 2437 levitate,
803 2350 870 2420 aut
885 2342 1131 2436 necessitate,
1152 2341 1213 2421 vel
1234 2341 1310 2420 alio
1330 2341 1556 2421 inordinato

377 2465 457 2544 fine
485 2466 628 2546 ductus
657 2464 808 2544 admitti
836 2465 1020 2570 postulet.
1043 2465 1196 2546 Deinde
1224 2466 1360 2544 omnia
1378 2465 1557 2572 praefata

376 2591 616 2670 documenta
645 2598 683 2669 et
700 2588 1004 2670 informationes
1032 2589 1161 2669 tradat
1188 2589 1330 2668 saltem
1356 2588 1484 2669 tribus
1504 2616 1556 2668 ex

377 2712 687 2821 provincialibus
706 2713 1074 2812 Examinatoribus,
1104 2712 1283 2793 exclusis
1311 2713 1371 2811 iis,
1392 2714 1459 2820 qui
1489 2740 1557 2820 po

377 2838 538 2918 stulanti
567 2838 645 2918 sint
673 2838 973 2942 consanguinei,
994 2837 1056 2917 vel
1076 2839 1230 2936 affines,
1250 2847 1294 2918 ut
1312 2865 1382 2918 eas
1401 2837 1556 2945 absque

377 2963 459 3042 ullo
474 2962 648 3068 partium
658 2961 789 3041 studio
804 2963 910 3040 serio
921 2963 1177 3068 perpendant.
1195 2962 1345 3043 lndicto
1356 2962 1556 3042 examinis

379 3087 441 3166 die
455 3085 718 3165 provincialis
738 3110 832 3164 oum
851 3083 1013 3164 delectis
1028 3084 1078 3164 ab
1096 3084 1184 3190 ipso
1198 3085 1557 3166 Examinatoribus

379 3212 599 3307 conveniet,
633 3220 671 3291 et
707 3237 908 3318 posquam
939 3209 1036 3315 ipse,
1074 3219 1111 3288 et
1144 3210 1208 3289 alii
1245 3210 1556 3291 Examinatores

375 3335 594 3444 juraverint
622 3335 672 3414 ad
699 3336 846 3415 Sancta
875 3333 950 3424 Dei
977 3331 1206 3438 Evangelia,
1234 3361 1276 3413 se
1309 3362 1556 3441 quacumque

379 3462 559 3540 lcumena
578 3457 790 3564 affectione
803 3459 1025 3566 postposito
1042 3457 1221 3564 fideliter
1239 3486 1381 3538 munus
1409 3486 1556 3539 coaccu-

379 3591 506 3675 turm,
537 3578 805 3684 postulantem
839 3577 1081 3676 examinent,
1116 3603 1244 3684 eoque
1272 3577 1323 3658 ab
1356 3578 1556 3657 examinis

378 3704 467 3784 loco
495 3703 675 3799 dimisso,
692 3703 777 3807 ejus
793 3702 1045 3800 documenta,
1062 3701 1282 3808 qualitates
1299 3711 1337 3781 et
1351 3702 1553 3808 requisita,

378 3828 545 3934 aliaque,
566 3853 668 3934 quae
688 3825 874 3931 superius
905 3833 1039 3904 notata
1058 3833 1162 3922 sunt,
1183 3826 1289 3905 serio
1314 3827 1553 3931 expendant,

378 3960 416 4032 et
444 3951 631 4056 deinceps
659 3975 731 4054 per
750 3956 903 4028 secreta
923 3948 1115 4051 suffragia
1138 3949 1316 4055 judicent
1334 3977 1385 4030 an
1410 3950 1556 4054 dignus

379 4077 441 4176 sit,
470 4074 537 4182 qui
566 4071 819 4178 approbetur,
850 4097 972 4176 super
999 4070 1144 4177 quibus
1173 4073 1363 4152 omnibus
1390 4074 1558 4152 Provin-

379 4199 501 4295 cialiS,
522 4205 560 4278 et
579 4196 749 4276 oliorum
769 4194 1103 4276 Examinatorum
1124 4197 1363 4277 conscientia
1383 4197 1557 4301 graviter

380 4329 543 4400 onerata
571 4323 786 4396 remaneat.
817 4317 855 4393 ls
883 4323 1017 4394 autem
1045 4315 1238 4420 probatus
1266 4317 1474 4397 dumtaxat
1502 4319 1558 4397 in·
