3550 5434
909 567 1017 622 -216
1038 596 1072 608 -

404 773 424 818 «
454 751 539 822 tore
567 742 840 849 spiritualibus
885 743 1083 824 exercitiis
1124 743 1267 825 saltem
1309 771 1380 851 per
1421 745 1581 850 triginta

403 898 422 943 «
454 867 617 947 dies-
646 895 743 947 eum
770 868 873 948 inter
902 896 1000 948 suos
1029 869 1236 973 religiosos
1265 877 1432 976 cooptet,
1453 873 1581 974 sacta

403 1025 423 1070 a
453 996 505 1072 ab
533 993 670 1074 eodem
698 994 977 1074 declaratione
1005 1022 1048 1074 sa
1076 994 1175 1074 velle
1204 994 1367 1074 libenter
1395 995 1580 1102 amplecti

402 1149 421 1194 n
453 1145 588 1216 onera,
613 1119 717 1226 jura,
748 1129 787 1200 et
815 1119 1108 1225 dispositiones
1139 1146 1242 1226 quae
1270 1119 1310 1198 in
1338 1145 1443 1200 nova
1475 1120 1583 1201 Reli-

402 1274 423 1320 «
452 1244 570 1348 gione
600 1245 798 1342 existunt3
829 1245 1117 1351 Superioribus
1145 1244 1395 1351 obsequium,
1417 1252 1454 1324 et
1469 1272 1583 1324 reve-

402 1399 422 1444 «
451 1369 632 1464 rentiam,
662 1376 706 1448 ut
736 1367 814 1464 alii,
836 1368 1036 1450 humiliter
1054 1377 1258 1476 praestare
1278 1415 1327 1427 -
1347 1376 1581 1475 ceterasque

401 1521 423 1569 ‹<
452 1492 699 1573 conditiones
728 1521 752 1574 a
781 1492 965 1600 Capitulo
994 1493 1220 1601 propositas
1249 1494 1432 1600 excipere
1451 1501 1523 1574 eto.
1540 1521 1578 1572 n.

477 1620 567 1724 lpse
595 1618 706 1698 enim
733 1645 866 1724 neque
894 1645 1038 1699 nocam
1059 1620 1344 1727 probationem
1371 1645 1577 1724 peragere,

397 1768 528 1847 neque
547 1744 854 1850 professionem,
885 1743 971 1823 sive
989 1745 1220 1850 simplicem.
1237 1742 1320 1822 sire
1353 1742 1579 1822 solemnem

397 1867 575 1946 emittere
602 1867 747 1946 iterum
777 1867 906 1947 debet·
926 1897 946 1945 a
978 1867 1070 1974 quia
1102 1867 1201 1947 baec
1243 1867 1379 1947 omnia
1415 1868 1499 1974 jam
1537 1867 1578 1946 in

399 1991 542 2070 ordine
570 1991 746 2096 ejusdem
776 1995 956 2098 oripinis
976 1995 1137 2099 perepit
1166 2020 1201 2071 n.

479 2116 558 2195 Sed
573 2116 682 2222 «quid
715 2115 930 2196 dicendum
968 2118 1018 2196 de
1060 2116 1182 2195 Bonis
1225 2116 1429 2222 primaevo
1472 2118 1579 2196 Con-

398 2240 542 2338 ventui,
573 2240 635 2319 vel
662 2241 901 2320 Provinciae
943 2240 1152 2347 quaesitis:
1195 2241 1295 2319 inter
1341 2241 1579 2347 Superiores

396 2391 462 2444 res
490 2372 550 2444 est
577 2365 864 2471 pertractanda,
880 2372 924 2445 ut
952 2365 991 2444 in
1020 2363 1105 2444 aliis
1129 2365 1214 2472 jam
1229 2366 1415 2470 superius
1431 2365 1576 2446 relatis

476 2488 630 2584 Quibus
668 2489 856 2570 omnibus
890 2489 1166 2588 consideratis
1210 2515 1317 2569 nuno
1358 2489 1580 2593 generatim

397 2613 600 2718 quaeritur
626 2661 677 2673 -
705 2623 841 2694 ulrum
870 2616 1013 2694 dentur
1041 2613 1245 2718 Religiosi,
1285 2613 1431 2718 quibus
1461 2609 1580 2693 inter-

396 2738 545 2818 dictum
574 2748 634 2817 est
661 2737 781 2818 etiam
810 2740 919 2818 licite
950 2738 1120 2818 transire
1141 2737 1191 2818 ad
1210 2736 1579 2841 aliaslleligiones?

477 2863 622 2969 Utique
650 2863 796 2943 dantur
824 2873 861 2943 et
888 2872 985 2944 sunt
1012 2872 1267 2943 transeuntes
1304 2890 1328 2942 a
1365 2862 1580 2968 Relipione

397 2985 529 3092 aliqua
555 2988 896 3087 Mendicantiam,
919 2990 969 3069 ad
989 2988 1109 3068 aliam
1130 3014 1209 3067 non
1237 2986 1577 3066 Mendicantium.

395 3109 519 3189 Clam.
550 3112 618 3190 15¹³
645 3137 743 3192 saue
773 3138 843 3190 eos
871 3111 999 3193 reddit
1018 3111 1213 3191 inhabiles
1235 3111 1282 3190 ad
1305 3110 1578 3216 proprietates

396 3235 770 3334 administrationes,
801 3246 838 3316 et
866 3237 996 3318 officia
1040 3261 1336 3343 quaecumque:
1379 3263 1426 3315 ac
1468 3263 1581 3342 prae·

395 3358 532 3438 sertim
560 3359 611 3438 ad
639 3385 782 3439 curam
811 3361 1040 3440 animarum
1069 3362 1357 3460 exercendam3
1383 3362 1483 3444 etad
1504 3363 1581 3442 Be-

397 3482 538 3562 neficia
565 3482 788 3564 saecularia
816 3486 1104 3591 nuncupanda:
1126 3532 1176 3544 -
1197 3485 1246 3565 de
1274 3485 1332 3566 sic
1360 3495 1581 3566 aerotran-

394 3609 521 3705 statis,
550 3607 775 3688 Concilium
803 3609 980 3690 Trident.
1010 3609 1116 3690 Sess.
1140 3612 1207 3690 14.
1230 3639 1316 3718 capt.
1344 3613 1408 3692 11.
1429 3612 1477 3692 de
1495 3613 1581 3694 Re-

396 3735 516 3824 f'orm.
548 3731 693 3812 Statuit
724 3763 745 3810 «
774 3741 816 3812 nt
852 3737 895 3812 in
931 3735 1119 3814 Claustra
1149 3735 1321 3835 orditus,
1364 3735 1577 3844 adquam,

398 3883 418 3929 a
451 3856 644 3934 translati
671 3865 764 3936 sam
792 3858 865 3934 snb
895 3857 1125 3938 obedientia
1155 3859 1391 3966 Superioris
1409 3863 1475 3939 sai
1485 3888 1582 3968 per-

397 4008 419 4052 «
441 3987 563 4087 petuo
592 3989 799 4059 maneant.

474 4103 555 4183 Sed
569 4103 665 4202 hoc;
683 4104 759 4182 nisi
775 4112 980 4184 transeant
996 4108 1046 4188 ad
1066 4105 1374 4204 Cartltasn'anos,
1387 4115 1425 4206 et
1448 4109 1582 4216 Trap-

388 4255 531 4334 penses
559 4228 740 4335 aliosque
768 4227 891 4335 hujus
918 4231 1096 4334 generis;
1140 4231 1247 4337 quod
1289 4231 1329 4311 in
1371 4232 1486 4340 praxi
1529 4245 1582 4314 te

398 4363 524 4432 netur.

475 4478 579 4572 Quid
608 4478 779 4584 denique
808 4480 1034 4560 dicendum.
