3550 5434
743 457 904 514 -135-

228 639 492 744 proprietatis
502 664 518 730 ;
546 638 613 745 qui
642 647 755 718 actus
784 637 951 745 proinde
987 645 1124 717 contra
1154 646 1285 718 uotum
1314 668 1415 747 pure

224 764 402 869 perlatis
430 762 597 842 militare
630 762 822 843 videntur.

316 887 419 967 Hinc
445 888 486 967 S.
507 887 772 992 Congregatio
792 886 978 994 precibus
999 885 1141 967 oblatis
1170 914 1243 994 pro
1263 886 1414 995 despen-

227 1012 398 1108 satione,
433 1012 672 1118 quandoque
701 1011 910 1118 perpensis
943 1011 1210 1117 peculiaribus
1242 1013 1414 1092 circum-

227 1134 400 1235 stantiis,
433 1167 453 1213 «
483 1135 654 1240 benigne
681 1136 841 1216 indulsit
868 1183 921 1194 —
949 1135 1020 1216 sed
1049 1162 1210 1243 semper
1238 1136 1286 1216 de
1320 1163 1413 1216 con-

231 1289 252 1336 «
286 1288 405 1340 sensu
432 1270 469 1340 et
507 1262 764 1366 intelligentie
802 1262 1055 1368 Superioris;
1106 1272 1145 1342 et
1186 1261 1408 1342 dummodo

230 1415 253 1462 «
288 1384 517 1490 Religiosus
546 1412 591 1466 se
618 1385 813 1467 abstineat
842 1385 1062 1468 ababtibus
1081 1411 1193 1466 mere
1215 1385 1408 1486 civilibus,

229 1539 251 1586 «
285 1509 352 1615 qui
382 1517 473 1588 sunt
501 1510 668 1589 faciendi
701 1537 771 1616 per
808 1509 1083 1616 interpositam
1122 1535 1339 1616 personam
1369 1538 1406 1589 ».

313 1635 456 1714 Sermo
486 1634 700 1741 aliquando
729 1633 899 1714 habetur
927 1635 976 1714 de
1003 1635 1177 1734 Lieetlis,
1208 1634 1275 1741 qui
1313 1661 1411 1713 con-

225 1758 450 1838 troversias
478 1759 670 1839 inducunt
680 1786 690 1856 ;
721 1760 792 1838 sed
820 1758 1034 1864 superbis
1071 1760 1111 1839 S.
1142 1759 1409 1864 Congregatio

221 1883 377 1992 judicia
420 1884 563 1984 terens,
601 1911 697 1990 prae
735 1884 861 1965 oculis
900 1910 1061 1990 semper
1097 1884 1221 1963 tenuit
1258 1885 1409 1964 monita

224 2009 308 2087 Pa·
342 2009 434 2104 VII,
465 2011 508 2087 in
534 2009 657 2088 Deer.
686 2009 735 2088 de
762 2009 992 2113 Reformut.
1024 2009 1203 2113 reputor.
1223 2008 1285 2086 22
1298 2010 1406 2112 Aug.

232 2133 363 2213 1814.
392 2137 504 2230 Quae
532 2134 590 2213 sic
619 2160 663 2214 se
691 2133 850 2232 babent,
867 2161 906 2214 n.
930 2135 991 2215 10.
1026 2162 1046 2212 «
1066 2136 1127 2214 De
1147 2134 1292 2213 annuis
1314 2161 1407 2213 vero

230 2291 250 2336 «
276 2259 641 2365 praestationibus,
671 2284 773 2364 quae
801 2259 945 2336 Lieelli
974 2258 1048 2339 dici
1078 2257 1219 2356 solent,
1241 2258 1408 2363 aliisque

230 2415 251 2462 «
284 2382 475 2488 pecuniiS,
524 2409 626 2489 quae
673 2381 869 2486 religiosis
916 2382 1013 2461 viris
1050 2406 1305 2488 quocumque
1342 2409 1409 2461 no·

228 2539 249 2584 «
283 2507 392 2587 mine
421 2505 665 2602 obvenerint,
695 2509 865 2586 Decreta
893 2514 1103 2585 serventur
1121 2508 1406 2586 Romanorum

229 2664 251 2710 «
282 2631 539 2728 Pontificum,
569 2631 715 2737 quibus
744 2630 993 2737 praecipitur,
1028 2638 1071 2710 ut
1105 2629 1405 2737 quamprimum

226 2789 248 2834 «
281 2755 568 2836 incommune
605 2756 806 2835 aerarium
843 2755 1073 2854 interantur,
1103 2763 1140 2835 et
1168 2781 1216 2834 ee
1252 2756 1406 2835 ratione

228 2915 249 2960 «
282 2881 567 2980 custodiantur,
584 2907 708 2987 quam
736 2880 991 2984 singulorum
1020 2879 1218 2960 Ordinum
1243 2880 1404 2984 regulae

226 3039 248 3082 «
281 3013 319 3084 et
348 3004 660 3086 Constitutiones
689 3003 976 3111 praescribunt.
1008 3006 1072 3085 Ex
1091 3003 1154 3084 his
1174 3031 1269 3083 vero
1289 3032 1404 3111 pecu-

227 3163 248 3208 «
280 3131 370 3229 niis,
398 3131 705 3210 subministrato
734 3128 959 3222 exhibituri,
976 3138 1171 3235 quantum
1193 3128 1403 3233 religiosae

225 3287 248 3332 «
280 3255 367 3361 ejus
396 3255 653 3334 necessitates
684 3255 834 3358 (Status
863 3253 1098 3334 valetudinis
1138 3253 1403 3359 laborumque

222 3411 245 3458 «
279 3380 432 3460 ratione
461 3379 608 3484 habita)
640 3379 894 3486 expostulare
922 3378 1172 3478 videbuntur,
1202 3379 1402 3486 reliquum

223 3537 246 3582 «
277 3530 404 3610 penes
433 3503 632 3584 aerarium
661 3513 876 3584 remaneat.
906 3503 961 3586 Ut
980 3530 1075 3582 vero
1091 3504 1224 3584 omnis
1243 3503 1402 3586 tollatur

222 3663 246 3708 «
279 3628 439 3708 occasio
474 3630 663 3736 querendi
701 3630 750 3708 de
782 3627 1044 3735 Superiorum
1082 3627 1303 3724 severitate,
1334 3639 1401 3710 aut

222 3786 245 3832 «
277 3751 453 3851 arbitrie,
483 3752 549 3859 qui
578 3779 659 3832 non
688 3753 785 3832 satis
805 3778 975 3831 suorum
995 3751 1247 3833 subditorum
1267 3781 1401 3834 neces-

220 3909 244 3954 «
276 3875 460 3956 sitatibus
496 3876 725 3982 prospicere
759 3875 976 3974 videantur,
1016 3876 1190 3958 decernit
1221 3880 1261 3958 S.
1300 3881 1400 3959 Con-

218 4033 242 4078 «
277 3999 455 4104 gregalia
485 4001 652 4108 quodsi
683 4002 783 4081 forte
812 4011 955 4105 agatur
983 4002 1032 4081 de
1051 4003 1265 4106 erogandis
1284 4030 1400 4110 pecu-

219 4156 243 4205 «
275 4124 354 4203 niis
381 4126 421 4204 in
449 4151 665 4206 commune
681 4126 880 4205 aerarium
897 4125 1149 4230 aReligiosis
1169 4111 1299 4224 illatis,
1316 4155 1398 4208 non

217 4284 238 4327 «
275 4249 317 4328 in
345 4250 626 4356 religiosorum
655 4252 722 4357 qui
760 4251 974 4331 attulerunt
1011 4253 1285 4352 commodum,
1325 4255 1396 4334 sed

218 4407 241 4452 «
275 4375 317 4453 in
347 4374 444 4456 alios
473 4402 584 4474 usne,
601 4373 697 4454 nihil
717 4403 763 4454 ea
791 4375 840 4455 de
868 4403 911 4454 re
931 4375 1172 4456 constituere
1191 4378 1394 4482 Superiori
