3550 5434
724 535 882 592 ..109-

216 714 400 794 Clericus
428 722 597 821 repetat:
632 745 652 794 «
676 743 755 822 quo
785 715 953 822 expleto,
984 716 1033 795 de
1061 743 1265 797 consensu
1286 719 1390 799 Reli-

216 869 239 916 «
269 839 488 944 giosorum‚
509 838 604 918 inihi
624 840 672 920 de
692 839 849 937 familia,
871 840 1172 921 professionem
1188 842 1389 922 Votorum

218 995 239 1042 «
269 963 519 1071 Simplicium
547 963 648 1045 inter
675 964 873 1044 choristas
902 965 1064 1064 emittat,
1094 965 1303 1046 -servatis
1332 967 1391 1045 in-

219 1120 241 1168 «
270 1117 392 1197 super
418 1089 458 1170 iu
487 1088 648 1198 reliquis
677 1089 864 1169 omuibus
885 1098 923 1169 et
941 1090 1110 1194 singulis
1129 1091 1178 1170 dc
1202 1091 1292 1197 jure
1311 1117 1392 1170 scr-

219 1245 240 1292 «
270 1215 423 1316 vandis,
444 1224 481 1296 et
499 1215 734 1322 praesertim
754 1241 855 1322 quae
875 1215 1129 1296 continentur
1150 1215 1190 1293 in
1210 1214 1391 1295 Decretis

218 1367 240 1417 «
269 1340 311 1420 S.
340 1341 396 1420 M.
427 1341 561 1420 Innoc.
590 1339 642 1420 X.
672 1339 786 1420 editis
823 1339 886 1418 die
915 1340 967 1418 15
995 1339 1184 1420 Octobris
1227 1340 1344 1419 1654.
1373 1388 1392 1399 -

218 1493 239 1540 «
270 1463 495 1568 Ineligibilis
523 1475 657 1545 tamen
685 1471 892 1544 remaneat
917 1463 967 1543 ad
998 1463 1161 1544 Ordinis
1190 1464 1392 1544 Praelatu-

217 1619 239 1665 «
269 1615 338 1668 ras
365 1589 517 1697 absque
545 1590 793 1696 praecedenti
822 1589 862 1670 S.
889 1588 1005 1669 Sedis
1034 1589 1389 1695 dispensatione».

741 1947 776 2050 s·
807 1945 874 2024 ὃν

216 2172 332 2262 Quid
348 2173 546 2277 «pendam
564 2174 721 2282 conplete
742 2200 848 2255 anno
869 2176 929 2254 eel
947 2175 1106 2256 blennr'o
1126 2175 1394 2256 Nocitiatos‘l

297 2455 517 2537 Concilium
549 2455 827 2538 Tridentinum
862 2459 972 2539 Sess
1001 2459 1136 2539 XXV.
1166 2461 1227 2539 De
1256 2461 1390 2562 Regu-

210 2581 378 2679 laribus
407 2583 530 2687 Capit.
562 2583 670 2682 XVI,
701 2584 776 2664 ait:
804 2631 819 2642 -
851 2615 871 2662 «
900 2583 1030 2664 Finito
1059 2594 1239 2690 tempore
1269 2584 1389 2662 Novi-

219 2738 241 2782 «
270 2705 401 2804 tiatuS,
420 2708 646 2813 superiores
667 2735 769 2814 quos
789 2709 943 2788 habiles
972 2707 1205 2806 invenerint,
1227 2709 1285 2787 acl
1296 2735 1391 2815 pro-

217 2863 240 2909 «
258 2832 462 2938 fitendam
477 2832 695 2928 admittant,
712 2843 809 2913 aute
821 2833 1067 2914 Monasterio
1082 2860 1153 2911 eos
1169 2833 1340 2937 ejicient
1353 2861 1390 2912 a.

299 2956 441 3037 Merito
462 2983 571 3056 sanc,
593 2957 697 3065 quia,
719 2959 751 3036 si
781 2957 910 3039 idonei
926 2984 1008 3037 non
1023 2957 1112 3057 sint,
1134 2957 1392 3064 potiusquam

213 3080 305 3160 aliis
325 3079 539 3186 praebeant
567 3083 798 3188 exemplum
828 3081 993 3181 virtutis
1015 3081 1205 3162 scandala
1225 3082 1282 3160 eis
1302 3082 1393 3160 affe·

212 3214 322 3302 runt,
352 3213 389 3285 et
417 3206 719 3287 admirationem
748 3207 949 3287 inducunt.

298 3331 374 3426 Qui
416 3355 510 3409 vero
539 3357 612 3436 pro
654 3333 799 3412 Electis
842 3331 1063 3428 habentur,⁴
1081 3331 1271 3437 praecipit
1312 3331 1393 3412 Cle·

213 3481 337 3536 mens
364 3455 468 3536 VIII.
500 3457 543 3534 in
583 3455 771 3536 Decretis
813 3456 861 3535 «le
903 3457 1144 3563 Receptione
1167 3464 1204 3536 et
1231 3455 1394 3534 Educa-

214 3583 328 3660 tr'one
352 3580 630 3661 Nooitr'orum:
663 3611 683 3659 «
704 3590 746 3661 ut
775 3583 814 3660 in
844 3581 951 3660 bono
980 3579 1133 3688 spiritu,
1163 3607 1211 3660 ac
1235 3581 1394 3685 regula·

218 3704 329 3783 «ris
370 3703 600 3810 discipliuae
641 3705 895 3786 observantia
932 3705 1182 3786 stabiliantur
1224 3714 1261 3785 et
1303 3731 1394 3784 con-

219 3861 243 3907 «
272 3829 493 3928 firmentur,
537 3837 627 3935 post
669 3831 863 3910 emissam
910 3829 1210 3909 Prolessionem
1259 3829 1393 3909 statim

220 3985 242 4033 «
273 3952 514 4033 collocentur
542 3955 582 4031 in
609 3979 883 4049 enorussomo,
913 3955 1020 4060 quod
1049 3963 1110 4032 est
1137 3953 1251 4032 locus
1271 3982 1294 4032 a
1313 3954 1393 4032 No-

220 4109 244 4157 «
273 4077 408 4156 vitiatu
449 4077 657 4158 distinctus
686 4085 723 4158 et
751 4069 1001 4182 segregatus,
1045 4087 1231 4158 constans
1260 4086 1394 4156 tomen

221 4239 244 4282 «
275 4201 488 4310 requisitio,
519 4231 622 4310 quoe
645 4228 722 4312 pro
750 4202 961 4282 Norc'tr'ct«
981 4205 1075 4309 jorn
1112 4211 1206 4281 arent
1248 4203 1393 4281 rotata.

220 4359 244 4405 «
275 4329 331 4408 Ita
359 4329 465 4434 quod
493 4328 534 4406 iu
563 4327 741 4431 Negotiis
761 4328 1102 4407 Monasteriorum
1122 4326 1190 4406 aut
1216 4329 1395 4406 Conven-

222 4484 247 4531 «
276 4463 388 4532 tuum
417 4479 499 4532 non
527 4479 571 4532 se
599 4451 881 4548 intromittunt3
919 4460 1050 4558 neque
1092 4450 1259 4532 alicuius
1287 4458 1396 4530 exte-
