3550 5434
729 605 889 661 -147-

221 815 244 861 «
275 783 487 864 voluntatis
529 785 885 892 adimplementum
926 812 1000 892 pro
1043 812 1118 866 suo
1157 785 1318 866 arbitrio
1361 794 1398 865 et

221 939 244 986 ι(
275 908 513 989 conscientia
546 909 857 1016 impertiatur».

299 1034 472 1112 Relatac
514 1042 713 1114 coeterum
749 1032 1030 1140 dispositiones
1071 1060 1233 1141 semper
1260 1035 1396 1114 locum

215 1157 367 1237 habere
395 1157 539 1239 dehent
565 1159 605 1237 in
647 1159 836 1240 omnibus
878 1158 997 1266 hujus
1034 1158 1193 1264 generis
1230 1159 1393 1259 actibus

214 1283 286 1390 qui
315 1309 437 1362 causa
467 1282 667 1363 brevitatis
695 1281 782 1364 heic
809 1284 975 1362 minime
1002 1282 1226 1363 laudantur.

271 1407 540 1488 Nihilominus
568 1407 770 1514 praeteriri
798 1435 880 1488 non
909 1414 1039 1515 potest
1066 1408 1213 1514 aliquid
1240 1407 1288 1488 de
1315 1409 1394 1489 Re-

211 1533 424 1638 pzdorium
435 1534 708 1612 contractibus
722 1533 904 1615 innuere:
921 1541 959 1613 et
972 1532 1075 1611 illico
1092 1533 1391 1627 advertendum,

214 1683 288 1736 eos
317 1657 519 1737 faciendos
548 1658 598 1737 ad
628 1658 800 1737 formam
825 1657 940 1765 juriS,
970 1657 1157 1764 praestita
1177 1656 1292 1764 probi
1320 1657 1392 1737 viri

214 1779 365 1886 peritia,
410 1788 447 1858 et
484 1807 507 1860 a
543 1782 584 1861 S.
614 1781 934 1886 Congregatione
974 1778 1135 1887 praevia
1178 1789 1393 1861 consecuta
1482 1809 1490 1815 ·

214 1905 409 1986 facultate.

296 2030 374 2110 Sed
402 2030 451 2109 de
479 2028 541 2108 his
570 2028 778 2136 videantur
807 2024 1068 2127 Canonistae;
1099 2029 1390 2110 nobistantum

213 2151 352 2261 quaeri
381 2154 441 2232 fas
470 2161 541 2232 est.

295 2277 397 2373 Quid
427 2277 626 2381 agendum
657 2277 693 2356 si
731 2283 877 2382 agatur
906 2268 970 2357 de*
991 2277 1249 2384 acquisitione
1290 2279 1389 2359 Con-

212 2411 355 2481 ventus
384 2401 434 2480 ad
463 2401 584 2480 alium
613 2400 807 2481 Ordinem
831 2401 916 2508 jam
945 2402 1204 2508 pertinentis?

294 2525 478 2604 Primum
507 2525 739 2623 notandum,
770 2524 926 2606 incivile
955 2526 1121 2606 essedo
1150 2552 1197 2605 eo
1233 2533 1390 2606 tentare
1471 2529 1475 2534 ’

210 2649 461 2730 contractum
503 2649 588 2728 sine
629 2649 945 2755 interpellatione
973 2650 1089 2757 primi
1117 2650 1388 2747 Possidentis;

209 2773 403 2880 injustum
431 2781 564 2853 tamen
602 2775 781 2873 evadere,
811 2783 1059 2855 contractum
1094 2774 1205 2874 inire,
1235 2774 1388 2881 absque

209 2896 393 3004 ejusdem
421 2923 633 2996 consensu,
650 2899 938 3004 approbatione
952 2907 990 2977 et
1008 2898 1277 2980 indemnitate.
1297 2901 1388 2979 Hoc

208 3021 318 3100 enim
340 3047 477 3099 secum
493 3021 566 3101 fert
585 3021 849 3101 contentionis
865 3021 1120 3101 occasionem
1141 3022 1242 3100 inter
1260 3021 1387 3128 Supe-

206 3145 340 3223 riores
380 3145 499 3224 unius
528 3154 566 3224 et
593 3144 754 3224 alterius
800 3146 975 3244 Ordinis,
1015 3172 1118 3252 quae
1154 3146 1320 3226 minime
1346 3145 1388 3224 in

203 3267 382 3376 populos
412 3264 700 3350 edificationem
729 3270 854 3375 gignit
882 3297 976 3349 oum
995 3271 1109 3351 Sedis
1130 3270 1386 3377 Apostolioao

204 3392 472 3474 admiratione
501 3401 538 3472 ot
564 3419 761 3472 moerore.
