3550 5434
753 549 895 605 -ῃ..

239 730 455 830 transferri,
484 757 534 810 ne
562 729 649 809 aliis
676 727 907 833 ReligiosiS,
930 726 1163 833 praesertim
1183 725 1414 807 adoloscen-

237 855 343 937 tihus
371 854 562 936 scandala
589 853 781 934 eveniant.

374 981 415 1060 3⁰
455 979 629 1060 Eacactc
669 978 891 1084 Disciplina
931 975 1113 1071 hebetur,
1156 1001 1251 1055 cum
1294 1001 1415 1055 unus-

239 1103 408 1209 quisque
427 1100 670 1206 ReligiosuS,
691 1099 775 1180 sive
793 1099 997 1206 Superior,
1022 1098 1107 1179 sive
1126 1099 1310 1178 subditus
1329 1098 1414 1177 offi-

242 1227 351 1307 cium
379 1252 499 1306 suum
541 1232 703 1333 propter
744 1223 1029 1304 conscientiam
1063 1223 1261 1329 adimplet,
1299 1223 1415 1330 juxta

241 1350 574 1460 praescriptiones
601 1349 663 1428 Pii
681 1351 768 1430 Vll.
788 1349 828 1428 in
847 1350 1022 1429 Decreta
1041 1348 1090 1428 dc
1108 1349 1415 1454 Reformationc

241 1476 506 1582 Repulcrium
533 1473 594 1553 22
620 1471 728 1579 Aup.
771 1473 896 1556 1814.
937 1475 972 1579 g.
1015 1473 1091 1553 XI.
1140 1504 1160 1549 «
1190 1474 1413 1570 Coeterum‚

247 1631 268 1676 a
296 1600 359 1699 ait,
389 1624 492 1707 quae
511 1625 582 1706 per
599 1599 748 1680 Sacros
767 1601 964 1698 (lenones
984 1597 1217 1704 Apostolica
1232 1600 1413 1694 Decreta,

246 1753 267 1803 «
297 1733 334 1804 et
347 1721 609 1828 Singulorum
626 1722 823 1803 Ordinum
843 1722 1015 1826 regulas
1036 1733 1075 1803 et
1091 1721 1414 1820 ConstitutioneS‚

248 1881 269 1928 a
298 1847 532 1956 praesertim
560 1847 601 1926 in
632 1847 819 1928 Oratione
839 1847 1012 1946 mentali,
1034 1846 1262 1926 deservitio
1282 1845 1415 1946 Chori‚

247 2003 268 2052 «
299 1972 485 2053 examine
499 1971 775 2068 conscientiae,
796 1971 989 2078 frequenti
1009 1971 1271 2052 Confessione
1286 1997 1418 2051 sacra·
1466 1957 1472 1966 ¹

250 2129 271 2178 a
299 2096 471 2196 mentali,
487 2095 654 2194 silentio,
674 2095 854 2201 Capitulo
874 2107 912 2175 et
930 2096 1175 2178 correctione
1194 2095 1416 2201 culparum,
1502 2101 1508 2120 ⁶

249 2252 269 2299 a
299 2221 465 2301 lectione
480 2221 529 2300 ad
545 2247 730 2300 mensam
746 2220 942 2319 habenda,
957 2220 1125 2301 lectione
1143 2221 1237 2300 item
1257 2222 1297 2300 S.
1319 2220 1419 2302 Scri·

249 2377 269 2424 a
301 2355 451 2453 ptume,
494 2345 556 2425 vel
598 2372 768 2426 casuum
796 2347 1072 2445 conscientiae,
1102 2347 1323 2443 collatione,
1352 2355 1420 2426 aut

250 2504 271 2549 a
301 2496 487 2550 sermone
515 2496 637 2576 super
664 2469 880 2577 Disciplina
901 2471 1086 2574 regulari,
1107 2480 1144 2549 et
1163 2470 1419 2576 acquisitione

251 2623 272 2673 a
301 2594 500 2692 virtutum,
531 2595 658 2700 deque
686 2621 767 2673 non
787 2595 1051 2702 suscipiendis
1070 2595 1306 2674 muneribus
1325 2621 1421 2701 quo

250 2749 270 2796 a
302 2745 475 2825 cumque
502 2726 708 2825 praetextu
738 2729 850 2800 extra
879 2746 1000 2799 suum
1029 2720 1221 2800 Ordinem
1251 2719 1338 2799 sine
1357 2718 1420 2799 sui

250 2872 272 2921 a
300 2843 527 2949 Superioris
546 2841 713 2941 licentia,
734 2843 901 2950 aliisquo
919 2843 1191 2951 spiritualibus
1210 2844 1419 2942 exercitiis,

250 2997 271 3044 «
301 2969 515 3074 prudenter
543 2995 590 3047 ao
609 2969 671 3074 pie
690 2969 841 3049 sancita
860 2979 965 3069 sunt,
986 2997 1032 3049 ea
1052 2972 1187 3050 omnia
1208 2980 1245 3051 ot
1264 2970 1421 3075 singula

253 3123 274 3170 a
303 3099 486 3172 accurate
515 3099 723 3172 serventur
744 3121 779 3172 u.
1444 3110 1446 3113 ·

328 3216 399 3297 Cui
443 3216 623 3298 addenda
664 3226 758 3296 sunt
799 3218 950 3298 monita
995 3219 1185 3300 Clement.
1234 3222 1339 3299 Vlll.
1382 3221 1421 3300 in

247 3341 403 3421 Decret.
435 3367 507 3446 pro
536 3340 838 3421 Reformatione
866 3343 1028 3422 Ordinis
1060 3345 1249 3423 Fratrum
1276 3345 1423 3425 Servo·

248 3489 343 3543 rum
372 3465 416 3544 B.
446 3465 497 3544 V.
520 3466 574 3544 M.
594 3464 647 3544 22
675 3469 781 3569 Aug.
816 3465 930 3545 1604.
960 3466 1128 3546 idest-
1145 3493 1226 3546 non
1243 3495 1335 3548 esse
1363 3494 1424 3547 re-

246 3586 433 3668 tinendos
475 3588 514 3666 in
557 3588 828 3668 Conventibus
865 3589 1064 3684 beandos,
1103 3591 1344 3670 criminosos
1387 3601 1424 3670 et

248 3710 563 3817 delinquentes...
585 3710 715 3791 nullos
735 3739 947 3792 servorum
967 3714 1272 3794 saecularium...
1294 3741 1423 3822 neque

248 3845 455 3942 praetextu
477 3836 677 3916 servitutis
697 3838 899 3936 ecclesiae,
920 3849 1155 3919 extraneum
1177 3866 1424 3946 quemquam

249 3959 303 4039 ad
331 3959 542 4058 edendum,
562 3961 624 4040 vel
653 3963 703 4041 ad
723 3962 970 4062 discendum,
992 3964 1076 4042 sive
1095 3963 1200 4042 aliud
1221 3963 1424 4070 quidpiam

250 4085 467 4188 agendum,
499 4085 575 4165 sub
594 4112 723 4191 poena
743 4087 1019 4194 suspensionis
1040 4087 1090 4169 al)
1110 4088 1242 4167 officio
1263 4115 1334 4194 per
1353 4115 1427 4167 sex

250 4235 416 4289 menses
444 4211 533 4316 ipso
562 4211 665 4291 lacto
694 4211 934 4292 incurrendo
962 4211 1202 4293 —Ethaeo
1225 4213 1428 4294 dictasint

251 4341 392 4412 contra
421 4362 491 4414 eos
519 4363 674 4434 omneS,
705 4337 772 4443 qui
801 4346 991 4416 ecoctam
1028 4337 1273 4444 disciplinam
1302 4339 1428 4445 impe·

250 4457 376 4556 diunt,
406 4469 444 4539 et
467 4459 767 4541 ‘observantiam
796 4462 1022 4566 regularem
1052 4463 1287 4544 diminuunt.
