3550 5434
929 1023 965 1126 a
995 1021 1062 1099 3³·

604 1253 668 1332 De
702 1253 1027 1332 Transeontibns
1057 1251 1115 1329 ud
1139 1253 1392 1357 Reliyc'onem

728 1431 937 1511 Loccionis
968 1432 1258 1510 observantiae.

489 1663 676 1742 Primum
705 1669 767 1741 est
794 1662 1030 1761 notandum,
1061 1662 1168 1768 quod
1198 1689 1267 1768 per
1296 1689 1339 1741 se
1372 1662 1588 1768 loquendo,

405 1786 495 1893 jure
523 1787 741 1883 communi,
773 1785 921 1866 nemini
950 1786 1195 1892 permissum
1224 1795 1285 1866 est
1321 1787 1591 1892 eReli'yioire

410 1911 639 2007 Strictiorc)
672 1938 793 2016 quam
823 1913 1033 2016 professus
1058 1918 1118 1989 est
1136 1911 1365 2015 RegulariS,
1388 1911 1436 1990 ad
1457 1913 1592 1990 luccio-

411 2062 498 2113 rem
525 2037 719 2132 transire,
750 2044 794 2114 ut
827 2042 985 2114 constat
1012 2062 1064 2114 ex
1105 2036 1200 2140 Cap.
1239 2036 1350 2114 Sene
1390 2038 1451 2116 10.
1491 2035 1529 2114 h.
1561 2045 1588 2115 t.

410 2159 504 2265 quia
536 2158 623 2238 sola
659 2159 759 2239 ratio
801 2159 905 2239 vitae
946 2158 1201 2264 perfectioris,
1245 2158 1322 2238 hoc
1368 2161 1592 2240 concedere

412 2291 556 2392 potest3
586 2291 624 2362 et
652 2283 689 2361 in
719 2311 817 2362 casu
846 2282 1051 2389 proposito
1080 2283 1179 2362 ratio
1208 2310 1290 2362 non
1320 2284 1441 2364 adest.

492 2408 742 2512 Quandoque
770 2414 916 2502 tamen,
946 2408 1017 2486 sed
1050 2431 1155 2504 rare,
1198 2407 1361 2487 concedi
1403 2406 1520 2487 solet:
1551 2417 1593 2486 ct

412 2531 453 2610 S.
484 2530 749 2635 Congrcgatio
777 2539 874 2610 lunc
901 2530 1108 2633 indulgere
1137 2556 1218 2609 non
1246 2532 1386 2628 renuit,
1416 2558 1510 2610 cum
1537 2531 1612 2610 al·-

411 2654 565 2757 legatur
580 2681 703 2734 causa
717 2655 825 2762 justa
855 2655 1123 2760 infirmitatis,
1154 2654 1387 2752 debilitatio,
1409 2665 1446 2735 et
1461 2683 1592 2734 neccs-

411 2780 550 2858 sitetis
583 2789 812 2887 parentum,
844 2780 990 2886 quibus
1012 2779 1158 2859 Orator
1182 2780 1392 2860 consulere
1420 2780 1460 2858 in
1480 2781 1592 2860 stric-

412 2903 511 2982 tiore
538 2903 747 3008 Religione
775 2912 947 3010 nequeat
966 2950 1017 2964 -
1033 2905 1217 2984 Soncleoe
1245 2905 1331 2984 libr.
1364 2905 1402 2984 6.
1432 2906 1587 2985 Mornl.

418 3028 515 3134 Cep.
540 3029 576 3106 7.
596 3058 634 3107 n.
652 3029 721 3107 65.
738 3076 789 3087 -
804 3028 964 3107 Lessius
984 3031 1075 3108 libr.
1096 3030 1136 3108 2.
1154 3029 1202 3108 cle
1222 3029 1378 3108 lustitia
1398 3029 1493 3137 Cep.
1515 3031 1590 3109 41.

414 3180 451 3231 n.
488 3153 580 3231 104.
610 3153 786 3251 Krimer,
815 3152 889 3232 hic.
921 3181 959 3232 n.
989 3154 1106 3233 2792.

493 3282 571 3358 Ast
595 3278 723 3357 'semel
752 3286 790 3356 et
823 3277 967 3357 iterum
1004 3277 1235 3384 hujusmodi
1267 3278 1456 3359 transitus
1493 3305 1594 3358 con-

415 3402 499 3481 cedi
528 3402 638 3500 solet,
669 3430 720 3481 ex
750 3404 923 3509 quadam
954 3403 1208 3508 indulgentia,
1242 3411 1280 3483 et
1303 3404 1592 3504 misericordia,

414 3554 465 3607 ne
492 3526 734 3631 ReligiosuS,
762 3527 916 3608 delectu
944 3527 1174 3624 vocationis,
1215 3529 1358 3608 melius
1392 3555 1513 3634 quam
1548 3529 1593 3608 in

413 3652 628 3732 Saeculum
663 3660 893 3750 revertatur,
927 3651 967 3730 in
1013 3652 1209 3732 laxiorem
1246 3652 1497 3757 Religionem
1535 3653 1593 3733 in-

418 3805 439 3854 «
469 3803 656 3880 gressum
685 3777 802 3857 faciat
829 3805 866 3856 n.

495 3903 540 3979 ln
569 3901 629 3979 liis
662 3901 850 3981 omuibus
893 3903 1155 3982 consideratis
1199 3901 1420 4008 speciebus,
1456 3910 1594 3982 tumen

416 4026 642 4104 neccssaria
684 4035 743 4105 est
784 4053 945 4133 semper
986 4028 1142 4107 licentia
1173 4027 1330 4109 Summi
1368 4026 1591 4124 Pontificio,

416 4175 487 4255 per
513 4151 551 4230 S.
582 4151 943 4254 Congregationem
972 4151 1272 4257 consequenda:
1294 4161 1331 4231 et
1350 4161 1485 4231 orator
1507 4181 1526 4226 o
1548 4151 1592 4231 in

419 4303 439 4349 «
470 4299 566 4352 noco
593 4274 777 4354 Institolo
806 4275 1052 4356 Novitialum
1080 4277 1211 4356 denuo
1240 4283 1394 4384 repetet
1423 4284 1460 4355 et
1490 4302 1595 4356 cooz-

420 4426 440 4473 «
465 4399 597 4502 pleat:
626 4426 854 4506 novamque
872 4403 1165 4508 professionem
1181 4401 1264 4479 sive
1279 4401 1489 4508 einrplicern
1505 4400 1593 4482 sive

420 4549 441 4597 ‹<
468 4523 677 4601 concinent
710 4524 858 4604 emittat
898 4552 940 4604 »z
979 4551 1146 4606 servans
1184 4524 1319 4636 omniu
1360 4532 1397 4603 et
1429 4525 1592 4628 singula
