3550 5434
926 564 1067 618 „18-

487 743 534 821 P.
563 741 600 821 2.
632 787 681 800 -
710 743 799 838 Quo
819 741 928 822 Trid.
958 742 1118 822 Concilii
1147 744 1316 822 Decreta
1345 741 1394 821 de
1421 767 1587 848 pauper-

407 867 496 948 tatis
525 873 619 946 voto
647 866 908 946 custodiendo
939 865 1094 946 fidelius
1123 866 1399 964 observentur,
1438 867 1586 972 praeci-

406 992 522 1098 pitur,
552 999 595 1070 ut
622 990 758 1070 nullus
787 1018 838 1070 ex
865 990 1087 1088 Fratribus,
1118 989 1237 1071 otiam
1257 992 1291 1070 si
1311 991 1503 1097 Superior
1522 990 1583 1090 sit,

405 1115 512 1196 bona
541 1114 773 1214 immobilia,
805 1115 864 1194 vel
894 1113 1069 1214 mobilia,
1114 1123 1183 1195 aut
1224 1115 1447 1221 pecuniam,
1492 1141 1585 1221 pro-

406 1250 560 1344 ventus,
591 1266 750 1337 census
780 1238 1048 1335 eleemosinas
1076 1239 1161 1319 sive
1202 1267 1254 1319 ex
1297 1239 1579 1336 Concionibus

405 1364 489 1444 sive
518 1391 570 1442 ex
597 1363 873 1460 Lectionibus
897 1372 964 1443 aut
991 1389 1065 1470 pro
1094 1364 1239 1443 Missis
1267 1364 1404 1445 tamin
1423 1367 1584 1472 propria

405 1487 598 1584 Ecclesia,
628 1513 751 1594 quam
779 1487 1023 1595 ubicumque
1060 1488 1321 1588 celebrandis
1365 1490 1492 1571 aliove
1529 1491 1584 1598 ip-

406 1638 548 1692 sorum
581 1613 688 1718 justo
729 1611 879 1713 labore,
910 1622 947 1692 et
974 1640 1110 1706 causa,
1147 1622 1185 1692 et
1221 1639 1477 1720 quocumque
1511 1643 1584 1695 no-

343 1806 346 1814 .
405 1736 513 1838 mine
541 1735 745 1842 acquisita,
775 1736 931 1815 etiamsi
959 1736 1139 1816 subsidia
1173 1737 1579 1841 consanguineorum,

406 1872 474 1941 aut
503 1861 660 1966 piorum
705 1859 948 1964 largitiones
979 1863 1131 1965 Legata
1159 1869 1227 1941 aut
1247 1862 1481 1942 donationes
1502 1863 1582 1942 fue·

405 1985 494 2096 rint,
523 1993 729 2092 tamquam
753 1985 927 2091 propria,
949 1985 1154 2065 autetiam
1173 1985 1336 2064 nomine
1351 1987 1580 2066 Conventus

406 2109 611 2215 possidere
639 2109 777 2216 possit,
807 2111 879 2189 sed
908 2137 954 2189 ea
983 2111 1118 2190 omnia
1142 2109 1276 2189 statim
1292 2110 1488 2216 superiori
1508 2119 1581 2190 tra-

406 2234 561 2332 dantur,
591 2242 629 2313 et
656 2233 865 2312 conventui
894 2233 1208 2344 incorporentur,
1238 2244 1356 2340 atque
1384 2262 1477 2314 cum
1493 2262 1578 2314 cae-

404 2358 499 2437 teris
518 2357 622 2438 illius
637 2357 766 2458 bonis,
796 2357 1025 2458 redditibus
1046 2343 1225 2464 pecuniis
1245 2385 1292 2437 ao
1321 2358 1579 2464 proventibus

404 2483 711 2579 confundantur,
742 2509 822 2590 quo
851 2484 1079 2562 communis
1107 2483 1197 2564 inde
1229 2483 1370 2579 victus
1415 2483 1578 2564 vestitus

404 2607 593 2687 omnibus
608 2607 850 2714 suppeditari
869 2607 1008 2714 possit.
1029 2608 1171 2714 Neque
1185 2607 1480 2714 Superioribus
1498 2607 1579 2714 qui-

404 2759 578 2839 cumque
604 2732 657 2812 illi
686 2732 764 2811 sint
791 2731 871 2811 ullo
892 2740 1008 2838 pacto
1041 2731 1154 2812 liceat
1184 2730 1337 2811 eisdem
1356 2731 1575 2829 Fratribus

404 2866 471 2936 aut
481 2883 623 2935 eorum
638 2855 765 2954 alicui,
786 2856 893 2935 bona
907 2855 1063 2936 stabilia
1073 2857 1192 2935 etiam
1204 2857 1253 2936 ad
1264 2857 1575 2952 usumfructum,

403 2980 465 3060 vel
493 3007 615 3060 usum
644 2980 1039 3077 administrationem,
1061 2990 1127 3059 aut
1147 2981 1442 3078 commendam,
1458 2979 1577 3059 etiam

402 3105 581 3210 depositi,
617 3113 683 3184 aut
711 3105 915 3184 custodiae
951 3103 1114 3182 nomine
1152 3103 1381 3182 concedere.
1422 3105 1577 3181 Eorum

403 3256 511 3328 vere,
541 3256 643 3335 quae
672 3231 722 3310 ad
749 3228 1028 3310 necessitatem
1057 3253 1252 3308 concessa
1281 3235 1407 3324 erunt,
1442 3224 1576 3306 nullus

402 3353 619 3460 quicquam
646 3355 849 3461 possideat
882 3362 925 3432 ut
952 3353 1174 3460 proprium,
1204 3377 1337 3458 neque
1356 3361 1398 3429 ut
1417 3349 1578 3457 proprio

403 3486 546 3584 utatur.
593 3479 669 3575 Qui
715 3480 754 3557 in
802 3477 1116 3585 praemissorum
1177 3476 1309 3582 aliquo
1371 3474 1576 3581 deliquerit

402 3629 555 3712 poenas
582 3604 729 3683 nedum
759 3630 782 3682 a
810 3602 985 3683 Concilio
1022 3601 1254 3681 Tridentino
1296 3601 1574 3706 praescriptas

403 3727 473 3808 sed
503 3727 601 3806 alias
629 3754 789 3834 quoque
817 3727 944 3806 multo
973 3727 1191 3830 graviores,
1221 3724 1483 3830 Superiorum
1518 3749 1576 3802 ar-

402 3853 518 3934 bitrio
547 3853 822 3959 imponendas
853 3852 1040 3931 incurrat.
1079 3849 1199 3929 Nulla
1228 3873 1577 3955 quorumcumque

400 3977 661 4084 Superiorum
690 3961 945 4084 dispensatio
974 3973 1083 4053 nulla
1110 3973 1264 4054 licentia
1297 3984 1492 4079 quantum
1526 3971 1577 4050 ad

401 4100 509 4183 bona
536 4103 711 4194 mobilia,
740 4100 802 4180 vel
821 4098 1041 4179 immobilia
1056 4101 1218 4178 Fratres
1234 4123 1429 4176 excusare
1449 4095 1577 4202 possit

399 4254 480 4333 quo
510 4229 644 4306 minus
672 4227 812 4333 eulpae
840 4232 878 4304 et
906 4249 1058 4330 poenae
1093 4222 1143 4301 ab
1191 4222 1371 4329 ejusdem
1413 4219 1574 4301 Concilii

400 4352 579 4432 Decretis
608 4351 830 4457 impositae,
869 4359 907 4428 et
939 4350 1027 4454 ipso
1065 4348 1168 4426 facto
1211 4345 1476 4426 incurrendae
1508 4343 1578 4423 ob

400 4476 510 4555 noxii
538 4477 628 4572 sint,
658 4474 813 4556 etiamsi
840 4473 1078 4581 Superiores
1093 4479 1324 4550 asseverent
1343 4466 1575 4576 hujusmodi

1764 960 1766 967 t

1764 1074 1766 1083 v

1764 1092 1766 1107 l
