3550 5434
928 498 1072 554 43-

413 679 543 786 piendi
572 681 622 759 ad
650 683 742 757 vota
770 677 979 776 solemnia,
1009 689 1046 758 et
1074 704 1122 757 ea
1150 677 1363 775 emittendi,
1381 704 1428 756 ac
1448 705 1593 758 omnes

412 805 512 885 ritas
541 803 805 884 adhibeantur
834 803 884 882 ad
912 803 1206 909 professionem
1234 811 1420 882 votorum
1447 803 1593 884 solem·

413 929 526 1009 nium
556 929 800 1036 praescripti.
833 931 946 1008 Haec
985 927 1185 1025 volamus
1225 928 1451 1027 statuimus
1481 955 1594 1035 prae-

415 1054 598 1160 cipimus,
614 1053 857 1133 mandamus
885 1051 1250 1152 nonobstantibus,
1271 1063 1469 1160 qautenus
1489 1079 1594 1159 opus

416 1187 497 1278 est,
535 1177 823 1258 Constitutione
864 1176 1065 1258 Benedicti
1103 1176 1218 1258 XIV.
1261 1177 1595 1258 Praedecessoris

417 1304 554 1384 Nostri
583 1329 706 1409 saper
733 1302 926 1382 divisione
945 1303 1216 1399 materiarum,
1238 1302 1404 1408 aliisque
1422 1309 1596 1410 Aposto

416 1428 514 1526 licis,
545 1427 650 1506 etin
678 1427 985 1526 universalibus,
1029 1426 1430 1534 provincialibusque,
1460 1435 1498 1506 et
1523 1428 1596 1532 Sy-

419 1552 631 1632 nodalibus
651 1551 837 1631 Conciliis
857 1552 984 1648 editis,
1001 1551 1254 1657 generalibus
1275 1551 1335 1633 vel
1354 1552 1597 1658 specialibus

420 1676 779 1772 constitutionibus,
810 1684 847 1755 et
883 1676 1212 1776 ordinationibus,
1241 1677 1403 1781 regalia,
1424 1677 1595 1773 statutis,

421 1812 459 1882 et
474 1800 829 1881 consuetudinibus
849 1801 1043 1908 cujusque
1062 1801 1235 1900 Ordinis,
1252 1802 1597 1907 Congregationis,

378 2003 381 2010 .
424 1935 462 2006 et
491 1925 659 2006 Instituti
691 1924 809 2005 etiam
833 1925 1073 2032 juramenta,
1103 1926 1407 2007 confirmatione
1425 1931 1601 2034 Aposto-

423 2052 511 2151 lica,
541 2052 602 2131 vel
636 2050 777 2156 quavis
812 2050 998 2131 firmitate
1026 2051 1102 2130 alia
1143 2052 1353 2152 roboratis,
1384 2054 1600 2159 privilegiis

423 2201 583 2283 quoque
611 2173 781 2270 indultis,
798 2182 835 2253 et
849 2175 1008 2255 Litteris
1027 2175 1270 2281 Apostolicis
1292 2177 1330 2254 in
1350 2177 1595 2256 contrarium

424 2297 743 2407 praemissorum
772 2299 1071 2404 quomodolibet
1098 2301 1315 2399 concessis
1336 2301 1598 2397 confirmatis,

425 2423 638 2523 innovatis,
668 2425 853 2530 quamvis
882 2425 1067 2531 specifica
1096 2433 1133 2504 et
1161 2426 1362 2506 individua
1398 2427 1603 2506 mentione

426 2550 568 2654 dignis,
599 2549 745 2655 quibus
765 2549 953 2629 omnibus
973 2559 1010 2628 et
1025 2549 1193 2654 singulis
1208 2550 1366 2630 illorum
1394 2551 1603 2632 tenoribus

425 2673 700 2781 praesentibus
728 2698 802 2778 pro
822 2673 981 2752 insertis
1001 2673 1192 2753 babentes
1212 2675 1261 2754 ad
1281 2677 1604 2781 praemissorum

426 2800 610 2877 ellectum
647 2797 878 2903 specialiter,
910 2808 947 2878 et
979 2825 1172 2904 expresse
1213 2800 1470 2903 derogamus,
1500 2807 1605 2879 cete-

427 2922 562 3028 risque
600 2922 810 3000 ccntrariis
853 2922 1185 3029 quibuscumque.
1214 2924 1485 3003 Decernentes
1528 2921 1606 3002 bas

427 3049 600 3128 Nostros
628 3045 798 3126 Litteras
827 3073 989 3153 semper
1016 3057 1054 3127 et
1081 3057 1271 3154 perpetuo
1305 3049 1457 3128 validas
1485 3061 1523 3130 et
1551 3048 1606 3128 el-

429 3173 577 3250 ficaces
604 3171 776 3250 existere
806 3179 841 3249 et
870 3172 954 3249 fore
991 3197 1168 3279 suosque
1206 3173 1405 3278 plenarios
1434 3182 1471 3251 et
1508 3174 1609 3252 inte-

430 3323 526 3401 gros
556 3295 719 3375 allectus
753 3295 897 3392 sortiri,
927 3305 965 3374 et
993 3296 1181 3395 obtinere,
1203 3306 1241 3376 et
1269 3297 1606 3397 ubomnibuS,ad

430 3448 533 3528 qaus
575 3427 726 3526 spectat
768 3429 804 3499 et
847 3419 886 3499 in
920 3421 1098 3501 faturum
1140 3422 1332 3527 spectabit
1373 3422 1609 3528 plenissime

431 3545 655 3650 suflragari,
687 3554 723 3624 et
761 3545 810 3624 ab
849 3546 1038 3624 omnibus
1075 3546 1350 3626 inviolabiliter
1386 3547 1606 3635 observari,

431 3680 468 3750 et
496 3670 529 3749 si
559 3697 677 3750 secas
706 3695 827 3775 saper
856 3669 918 3748 bis
948 3697 1196 3777 aqaoqaam
1211 3672 1353 3777 quavis
1373 3670 1608 3752 auctoritate

432 3795 612 3892 scienter,
642 3793 703 3872 vel
733 3794 962 3898 ignoranter
990 3795 1197 3899 contigerit
1225 3796 1404 3875 attentari
1437 3795 1609 3892 irritum,

434 3947 480 4000 ac
508 3919 625 3998 inane
654 3945 744 3997 esse
772 3929 809 3998 et
837 3920 922 3997 fore
951 3919 1151 4015 volamuS,
1181 3928 1218 3998 et
1246 3920 1511 4000 declaramus.

542 4101 678 4181 Romae,
704 4099 757 4164 dic
783 4101 802 4162 7
826 4101 923 4165 Febr.
950 4103 1051 4164 1862.

425 4369 427 4374 ,
541 4277 645 4357 Satis
674 4277 722 4356 de
754 4277 1101 4356 Coastr'tutr'onr'bas
1131 4276 1388 4384 Apostolicr's:
1417 4304 1526 4356 nunc
1554 4278 1615 4356 acl

442 4401 749 4482 Commentario.
