3550 5434
904 496 1047 551 -94-

387 677 524 758 Genlis
553 676 726 773 Ordinis,
771 702 928 756 necnon
972 675 1251 757 Adolescentis
1292 674 1563 782 qualitatibus

388 799 559 904 benigne
586 799 785 906 permittit,
816 809 858 879 ut
883 799 1103 879 Postulans
1131 797 1342 904 recipiatur
1369 799 1409 878 in
1447 797 1566 880 Clau-

387 933 516 1004 strum
545 973 596 988 -
629 954 648 1002 u
680 924 734 1004 uti
763 925 946 1005 Chorista
974 938 1014 1004 et
1040 950 1123 1003 non
1151 923 1280 1020 aliter;
1310 922 1408 1002 etsi
1442 949 1566 1030 quan-

392 1080 412 1128 «
440 1051 572 1156 doque
591 1051 642 1130 ad
662 1049 872 1130 formalem
893 1049 1170 1156 probationem
1189 1049 1262 1129 erit
1281 1049 1562 1147 admittendus

391 1204 411 1252 «
442 1200 523 1253 non
552 1175 663 1281 prius
692 1175 920 1255 admittatur
948 1174 1024 1254 nisi
1053 1173 1210 1279 expleta
1238 1181 1363 1253 aetate
1383 1201 1406 1252 a
1425 1176 1562 1254 Const.

391 1329 411 1378 a
441 1305 584 1405 Apost.
628 1308 665 1381 et
708 1299 870 1382 Ordinis
912 1299 1119 1406 praefinita
1129 1325 1139 1395 ;
1186 1307 1224 1379 et
1270 1299 1309 1378 in
1355 1299 1443 1379 loco
1489 1325 1564 1406 pro

392 1455 413 1505 a
440 1419 645 1505 Novitiatu
687 1424 895 1530 designato
933 1471 983 1484 -
1020 1426 1176 1505 Deerat.
1220 1423 1343 1505 Clem.
1387 1425 1440 1504 X.
1487 1425 1563 1504 diei

392 1579 412 1626 a
445 1550 494 1630 16
523 1551 619 1657 Maji
650 1549 763 1630 1675.
794 1550 1041 1656 coeterisque
1069 1579 1104 1629 a.
1336 1544 1341 1550 ’

522 1677 562 1755 2⁰
589 1676 653 1755 De
686 1675 901 1755 Conversis.
931 1721 982 1734 -
1010 1674 1203 1755 Conversi
1232 1701 1313 1753 non
1333 1684 1503 1782 possunt
1522 1674 1563 1753 in

387 1799 617 1883 Claustrum
646 1799 767 1906 recipi
796 1799 872 1878 nisi
899 1801 1141 1910 eacplererint
1169 1801 1315 1879 aetatis
1341 1828 1440 1879 suec
1461 1809 1566 1906 cipe-

387 1926 530 2004 simum
558 1953 719 2006 annum.

469 2050 573 2146 Quid
601 2049 634 2129 si
664 2048 836 2129 habeant
864 2075 926 2128 ex.
948 2074 1006 2152 gr.
1036 2075 1167 2127 annos
1186 2048 1319 2128 decem
1338 2056 1375 2128 et
1393 2052 1564 2156 septem?

469 2173 626 2254 Debent
654 2200 795 2280 preces
836 2173 885 2253 ad
913 2175 954 2254 S.
988 2172 1351 2278 Congregationem
1392 2172 1560 2268 mittere,

388 2298 667 2378 informatione
686 2311 725 2378 et
739 2307 830 2378 voto
846 2301 892 2378 P.
914 2297 1195 2378 procuratoris
1211 2297 1310 2378 Glis
1329 2297 1559 2378 comitates:

389 2430 426 2502 et
453 2424 492 2505 S.
523 2422 789 2528 Congregatio
824 2451 844 2498 (ι
864 2422 1035 2526 benigne
1055 2422 1193 2501 annuit
1224 2447 1297 2528 pro
1313 2421 1430 2528 petita
1459 2448 1563 2501 rece

392 2575 413 2624 «
436 2550 570 2654 ptione
597 2547 637 2625 in
665 2546 909 2645 Claust'rum,
942 2545 993 2626 ati
1027 2545 1215 2626 Coneersi
1238 2554 1276 2625 et
1304 2573 1386 2626 non
1428 2544 1560 2626 aliter:

392 2700 412 2748 a
441 2680 479 2750 et
506 2671 540 2750 si
570 2671 811 2778 quandoque
839 2671 889 2751 ad
919 2662 1128 2750 formalem
1158 2668 1435 2776 probationem
1460 2670 1561 2749 erint

392 2795 684 2894 «admittendi,
728 2822 810 2876 non
838 2795 951 2902 prius
993 2795 1261 2893 admittantur,
1291 2793 1366 2872 nisi
1404 2792 1561 2901 expleta

388 2927 524 3017 aetate,
555 2929 597 3000 ut
626 2923 665 3000 in
694 2921 868 3001 Clericis

468 3045 717 3152 Quandoque
759 3042 998 3150 Superiores
1040 3051 1176 3150 petunt
1218 3042 1444 3122 facultatem
1486 3069 1561 3150 pro

388 3167 612 3274 recipiendo
629 3169 760 3275 aliquo
780 3195 951 3248 numero
970 3161 1282 3268 Conversorum,
1303 3170 1370 3276 qui
1391 3176 1560 3249 aetatem

387 3293 670 3404 praescriptam
687 3320 768 3374 non
784 3293 942 3374 habent.
964 3297 1013 3374 Et
1031 3295 1071 3374 S.
1092 3293 1358 3397 Congregatio
1373 3291 1559 3399 precibus

388 3417 536 3515 annuit,
549 3418 759 3499 dirmmodo
775 3419 1016 3527 euplecerint
1030 3419 1171 3497 saltem
1186 3417 1557 3511 decimumseactum,

387 3543 446 3623 ccl
469 3545 674 3651 septimum
696 3573 852 3660 'ennam
880 3552 917 3624 at
945 3571 1040 3624 cum
1073 3544 1215 3623 iisdem
1253 3542 1558 3623 conditionibus

467 3672 532 3750 Sic
559 3672 608 3751 de
642 3670 863 3768 Tertieriis,
894 3677 932 3748 et
959 3671 1143 3766 Decetia,
1173 3667 1240 3776 qui
1275 3675 1561 3773 comparantur

388 3795 613 3874 Conversis.

521 3921 561 3999 3⁰
589 3920 650 3999 De
682 3919 833 3998 Oblatis
862 3928 900 3998 et
919 3917 1164 3998 Educenda.
1187 3917 1228 3998 Si
1249 3916 1380 3997 Oblati
1401 3925 1438 3996 et
1456 3916 1562 3997 Edu·

387 4043 501 4123 candi
531 4051 699 4123 aetatem
733 4043 922 4148 Vipesinii
937 4045 1035 4120 enni
1051 4042 1232 4149 completi
1247 4067 1329 4120 non
1353 4041 1559 4146 attingant,

386 4167 460 4274 ipsi
490 4193 650 4274 quoque
678 4167 822 4248 debent
849 4167 1072 4273 supplicem
1100 4165 1277 4246 libellum
1305 4167 1356 4246 ad
1384 4167 1424 4246 S.
1454 4167 1561 4247 Con-

240 4379 244 4384 ,
386 4291 659 4396 gregationem
689 4316 924 4397 proponere,
954 4318 1057 4396 quae
1085 4317 1200 4371 more
1228 4290 1344 4369 solito
1387 4289 1561 4394 benigne

386 4417 569 4523 excipere
598 4416 699 4498 solet
716 4463 762 4476 -
784 4416 1046 4496 «dummodo
1067 4415 1235 4497 Oblatas
1256 4421 1292 4495 et
1312 4415 1560 4496 Educandus
