3550 5434
616 532 734 600 runnx'
754 549 960 602 enunannrs
1332 543 1384 596 au

298 734 532 799 mastatio
553 730 777 796 Novitiorum
799 731 876 796 fieri
898 732 1029 814 poterit
1056 732 1100 798 de
1123 751 1195 798 una
1218 735 1253 800 in
1278 735 1385 801 aliam

206 834 358 901 Domum
381 840 541 920 tempore
563 837 789 920 Novitiatus;
814 838 918 901 datur
941 838 977 902 in
1002 855 1090 903 casu
1112 840 1332 924 interruptio.
1356 841 1383 912 Ι.

206 944 238 1011 3.
261 947 293 1011 4.
318 962 351 1027 p.
379 945 453 1012 106.
476 983 521 994 --
543 945 696 1010 Possunt
719 945 757 1008 in
780 963 876 1009 nova
902 944 1003 1009 domo
1028 947 1194 1030 prosequi
1228 948 1385 1014 Novitia-

207 1055 291 1119 tum.
315 1052 342 1120 I.
366 1051 398 1119 3.
422 1053 454 1119 4.
479 1071 514 1135 p.
541 1051 614 1119 107.
639 1091 684 1101 -
707 1052 841 1117 Sistere
864 1056 948 1117 ante
971 1055 1222 1119 anctoritatem
1244 1055 1384 1120 civilem

203 1159 343 1224 ratione
366 1159 538 1224 militiae?
560 1159 588 1228 I.
614 1159 645 1226 3.
670 1161 702 1227 4.
726 1177 761 1241 p.
788 1159 861 1227 107.
898 1199 940 1209 —
963 1159 1113 1226 Reversi
1136 1161 1182 1226 ad
1221 1161 1386 1228 Claustra

207 1272 355 1349 possunt
387 1267 480 1332 illico
515 1267 769 1350 professionem
793 1266 984 1331 emittere?
1008 1267 1034 1332 Ι.
1059 1268 1089 1336 3.
1125 1271 1157 1336 4.
1181 1289 1215 1352 p.
1244 1270 1317 1339 108.
1341 1310 1386 1322 -

207 1375 358 1440 Possunt
380 1393 402 1438 a
425 1374 527 1440 Statu
550 1374 669 1438 laicali
692 1392 714 1437 a
738 1371 877 1438 Statum
900 1374 1103 1440 clericalem
1127 1377 1297 1441 transire?
1309 1378 1336 1446 I.
1353 1379 1384 1446 3.

208 1481 240 1549 4.
264 1500 298 1564 p.
329 1481 399 1550 108.

772 1662 822 1763 V

305 1913 446 1977 Votum
470 1908 651 1973 castitatis
674 1909 710 1971 in
734 1927 801 1991 quo
826 1911 1007 1974 consistat.
1031 1910 1076 1973 ΙΙ.
1101 1912 1175 1975 41.
1199 1929 1232 1992 p.
1246 1911 1319 1976 148.
1343 1949 1387 1959 —

209 2015 335 2081 Utrum
359 2016 450 2080 idem
467 2016 512 2080 sit
533 2017 570 2079 in
592 2014 754 2080 Professo
779 2015 945 2099 Simplici,
969 2035 1075 2099 quam
1100 2017 1309 2083 inProfesso
1328 2018 1387 2083 So-

209 2122 326 2188 lemni.
343 2122 387 2187 II.
401 2124 432 2191 4.
459 2125 487 2186 1.
512 2142 545 2205 p.
572 2122 644 2187 148.
658 2163 702 2174 -
724 2124 781 2187 An
793 2123 896 2187 detur
922 2124 1110 2188 discrimen
1127 2125 1219 2189 inter
1232 2144 1339 2189 uuam
1353 2130 1388 2189 et

210 2230 361 2294 alteram
385 2229 502 2313 quoad
524 2230 768 2296 substantiam.
793 2230 836 2295 Il.
861 2232 892 2294 4.
928 2231 956 2294 1.
981 2249 1014 2314 p.
1030 2231 1102 2295 149.
1134 2271 1174 2280 —
1198 2232 1253 2295 Au
1278 2233 1386 2296 etiam

209 2343 289 2420 post
319 2337 592 2404 constitutiones
619 2337 672 2402 Pii
705 2337 826 2420 Papae
860 2337 922 2402 ix.
956 2343 1142 2403 remaneat
1176 2339 1385 2404 differentia.

208 2445 253 2508 ΙΙ.
277 2447 308 2508 4.
334 2448 364 2510 -1.
388 2464 421 2527 p.
449 2445 521 2509 150.
546 2444 740 2526 -Quoad
765 2445 1000 2510 substantiam
1028 2446 1203 2510 Professio
1221 2446 1386 2510 solemnis
1504 2443 1506 2450 '

208 2551 365 2616 relaxari
376 2571 447 2616 non
463 2554 579 2634 potest
589 2570 597 2632 3
609 2551 766 2633 Simplex
777 2551 976 2633 dispensari
989 2551 1097 2616 valet.
1110 2553 1153 2616 II.
1169 2555 1200 2620 4.
1214 2553 1244 2617 2.
1261 2572 1294 2635 p.
1312 2553 1397 2618 150.Ι

208 2657 413 2740 —Quando
427 2659 530 2723 datur
543 2659 757 2741 dispensatio
775 2664 964 2723 reservata
980 2657 1138 2723 Romano
1151 2659 1322 2724 Pontifici.
1339 2659 1384 2723 ΙΙ.

209 2773 241 2834 4.
264 2767 296 2831 2.
319 2785 352 2848 p.
380 2767 452 2834 151.
477 2766 764 2849 -Quandoque
788 2766 941 2830 dimissio
966 2765 1071 2830 datur
1094 2766 1140 2830 ab
1166 2764 1317 2847 Ordine;
1352 2771 1388 2832 et

209 2873 394 2955 quomodo.
418 2874 462 2938 II.
488 2875 519 2938 4.
545 2875 575 2938 2.
600 2893 633 2956 p.
661 2874 734 2940 153.
760 2913 805 2922 -
839 2872 930 2955 Quid
955 2873 999 2936 de
1027 2873 1246 2938 liminatione
1269 2873 1305 2938 in
1341 2873 1388 2937 di-

209 2981 437 3062 spensatione
461 3021 472 3030 -
492 2986 612 3062 fimuo
634 2991 873 3050 remanente
891 2990 978 3048 uoto
1000 2985 1215 3048 eastitatis.
1232 2979 1276 3043 ΙΙ.
1301 2982 1331 3043 4.
1357 2981 1387 3042 2.

209 3106 243 3170 p.
272 3088 343 3153 152.
368 3127 412 3140 -
435 3088 526 3169 Quid
551 3089 595 3152 de
621 3087 925 3170 dispositionibus.
947 3087 1085 3152 decreti
1125 3090 1267 3155 Auctis
1307 3089 1388 3154 Ad-

211 3202 385 3265 modum.
409 3197 454 3260 Π.
478 3198 509 3261 4.
534 3197 565 3261 2.
590 3215 623 3278 p.
650 3198 723 3264 154.
749 3235 791 3247 -
814 3196 871 3260 An
896 3195 1104 3278 dispensare
1142 3195 1220 3277 quis
1258 3194 1389 3276 poterit

211 3304 424 3387 Religiosum
447 3305 522 3369 sine
546 3304 622 3384 eJus
645 3321 830 3368 consensu.
854 3301 899 3366 Π.
923 3302 954 3365 4.
980 3303 1010 3365 2.
1035 3320 1067 3383 p.
1095 3301 1168 3370 155.
1193 3339 1228 3350 -
1252 3302 1309 3364 Au
1341 3300 1388 3364 di-

210 3410 351 3476 mittere
374 3412 404 3475 si
426 3411 472 3475 sit
495 3410 650 3475 demens.
674 3410 719 3474 H.
743 3411 775 3474 4.
801 3411 832 3474 2.
859 3426 894 3490 p.
920 3408 995 3472 156.

308 3630 450 3694 Votum
474 3628 731 3694 obedieutiae
752 3625 788 3688 in
812 3642 881 3707 quo
907 3625 1087 3691 consistat.
1104 3625 1147 3690 Π.
1167 3627 1198 3689 2.
1218 3627 1246 3690 l.
1260 3644 1295 3708 p.
1316 3625 1388 3688 121.

211 3771 256 3782 —
279 3731 461 3814 Quomodo
486 3731 686 3814 dependeat
708 3729 903 3813 Religiosus
928 3749 950 3794 a
975 3731 1230 3813 Superioribus.
1248 3730 1292 3795 ΙΙ.
1312 3731 1389 3794 2.1.

211 3856 246 3920 p.
273 3840 345 3903 121.
370 3879 414 3890 -
436 3839 490 3904 De
507 3837 571 3919 his,
595 3856 688 3920 quae
711 3838 904 3920 respiciunt
927 3837 1091 3920 Religiosi
1116 3856 1314 3920 personam.
1339 3837 1383 3901 II.

212 3947 244 4010 2.
268 3945 298 4010 2.
323 3965 357 4028 p.
385 3947 456 4010 122.
480 3986 525 3996 -
549 3944 641 4028 Quid
664 3945 708 4008 de
731 3944 873 4009 Laurea
897 3943 1080 4009 doctorali.
1105 3945 1149 4009 II.
1167 3946 1198 4009 2.
1212 3945 1243 4009 2.
1258 3963 1290 4026 p.
1315 3945 1389 4009 122.

212 4093 256 4101 —
280 4051 334 4118 De
356 4052 456 4118 titulo
481 4051 782 4134 ex-Provinoialis,
807 4063 843 4117 et
866 4051 1149 4133 ex-Definitoris3
1176 4052 1219 4116 de
1237 4052 1389 4117 transitu

212 4159 257 4224 de
280 4177 352 4223 una
374 4161 410 4224 in
434 4160 541 4223 aliam
565 4158 717 4240 domum,
741 4157 801 4221 vel
824 4158 1059 4223 Provinciam.
1085 4158 1128 4226 II.
1153 4159 1184 4223 2.
1210 4160 1242 4222 2.
1259 4177 1292 4240 p.
1314 4159 1388 4223 122.

212 4265 373 4348 -Quid
396 4266 440 4331 de
463 4265 625 4347 Petrinis,
649 4263 846 4348 Tutoribus,
883 4269 919 4330 et
958 4251 1197 4330 (iuratoribus.
1221 4263 1266 4330 II.
1301 4265 1389 4328 22.

212 4390 247 4454 p.
274 4373 346 4437 123.
373 4411 418 4422 -·
446 4372 504 4437 An
537 4371 704 4453 Religiosi
734 4370 869 4453 possint
902 4373 977 4437 sine
1011 4371 1156 4436 lieentia
1197 4370 1387 4436 extrahere

211 4477 322 4543 libros
346 4497 369 4542 a
391 4476 627 4545 Bibliothecis.
651 4475 696 4542 Π.
721 4477 752 4542 2.
776 4476 808 4542 2.
832 4494 866 4559 p.
893 4477 966 4542 123.
985 4517 1028 4528 -
1043 4477 1100 4542 An
1116 4477 1258 4562 proprio
1274 4481 1389 4543 marte
