3550 5434
739 563 900 618 -123-

313 742 377 821 Ex
406 739 616 820 devotione
635 741 675 822 S.
696 742 941 822 Fundatoris
960 741 1156 846 Religiosi
1176 742 1413 848 plerumque

229 864 349 946 veluti
376 865 529 946 Patrini
560 873 752 945 vocantur
781 865 866 945 sive
895 867 935 947 in
965 857 1213 975 Baptismate
1254 868 1340 947 sive
1372 867 1412 945 in

228 989 543 1070 Confirmatione
583 991 827 1070 conferenda
866 1038 917 1050 -
955 1001 993 1071 et
1034 991 1308 1099 superioribus
1349 1018 1416 1071 an-

228 1114 457 1212 nuentibus,
473 1115 512 1194 S.
545 1115 811 1219 Congregatio
839 1115 1018 1221 indulget
1049 1165 1100 1176 —
1135 1148 1155 1195 α
1176 1118 1356 1196 arbitrio
1375 1125 1414 1196 ct

231 1267 255 1314 «
279 1238 524 1346 prudentiae
557 1237 804 1334 Ordinorii;
833 1266 883 1318 oc
918 1239 966 1320 do
999 1242 1167 1320 licentio
1204 1242 1413 1348 respectioi

230 1389 253 1438 (ι
284 1363 521 1470 Superioris
530 1389 547 1456 ‚·
580 1365 875 1470 procuratorio
918 1366 1077 1444 nominc
1106 1373 1262 1471 tanturn
1302 1366 1411 1445 Reli-

231 1519 255 1566 «
283 1490 419 1593 pionis
448 1517 484 1567 ›>.

310 1613 413 1710 Quid
442 1613 476 1692 si
505 1611 737 1718 Religiosus
767 1641 790 1692 a
819 1613 995 1694 Consilio
1024 1614 1209 1713 familiae,
1239 1613 1301 1693 vel
1320 1613 1410 1720 jure

225 1737 439 1842 sanguinis
469 1738 519 1817 ad
537 1756 687 1817 munus
712 1739 880 1819 Tutoris
901 1737 963 1818 vel
987 1739 1411 1818 Corocortsvoeeturt

309 1861 546 1969 Superiores
575 1862 828 1969 quandoque,
859 1863 1096 1943 necessitate
1138 1862 1275 1962 coacti,
1309 1865 1410 1943 Con·

226 1987 505 2093 gregationem
535 1996 684 2094 petunt,
701 1996 738 2066 et
753 1988 947 2095 consequi
966 1987 1195 2068 facultatem
1214 1997 1409 2068 conantur

227 2159 282 2170 —
311 2139 414 2218 quae
442 2112 672 2192 conceditur
702 2159 751 2171 -
784 2141 804 2190 «
826 2112 1050 2192 dummodo
1069 2111 1302 2217 Religiosus
1321 2112 1410 2191 Tri-

229 2265 252 2314 «
283 2233 445 2314 bunalia
473 2235 735 2342 personaliter
776 2261 858 2316 non
888 2236 1025 2331 adeat3
1066 2262 1196 2343 neque
1224 2235 1300 2315 alia
1341 2261 1409 2342 pe-

230 2389 253 2438 «
283 2369 408 2464 ragat,
424 2387 527 2466 quae
546 2359 799 2464 Religicsum
819 2359 953 2440 virum
973 2360 1139 2440 minime
1159 2361 1315 2455 decent3
1336 2363 1407 2442 sed
1517 2396 1519 2399 ·

230 2514 252 2563 «
283 2511 330 2563 ea
359 2510 430 2590 per
449 2485 663 2590 specialem
682 2486 996 2566 Procuratorem
1016 2485 1205 2591 perficiat,
1225 2511 1275 2563 ne
1294 2511 1408 2564 scan-

229 2639 250 2686 «
282 2609 383 2689 dalis
425 2609 583 2688 occasio
627 2610 759 2706 detur;
803 2636 926 2716 super
968 2609 1114 2717 quibus
1142 2609 1268 2715 ipsius
1310 2637 1407 2690 con-

230 2765 252 2812 «
284 2734 446 2815 scientia
475 2743 663 2815 oneratur
693 2763 728 2816 n.

308 2859 447 2941 Solent
473 2858 647 2941 Studiosi
676 2885 797 2966 saepe
825 2858 988 2964 saepius
1016 2885 1038 2937 e
1066 2854 1324 2938 Bibliothecis
1365 2858 1406 2936 in

226 2985 436 3092 proprium
452 2985 714 3064 commodum
730 2983 854 3064 libros
870 2982 1082 3062 extrahere
1097 3028 1147 3041 -—
1159 2982 1230 3062 sed
1246 2983 1406 3087 praevia

225 3109 384 3189 licentia
412 3108 687 3215 Superiorum,
718 3117 755 3188 et
783 3107 965 3187 facultate
993 3109 1034 3188 S.
1063 3106 1191 3203 Sedis,
1217 3133 1339 3212 quam
1359 3134 1405 3186 ea

224 3233 316 3338 lege
344 3233 541 3314 concedit:
576 3263 595 3312 «
624 3242 667 3314 ut
695 3232 850 3340 quoties
878 3232 1003 3311 libros
1045 3230 1096 3311 ab
1138 3232 1308 3313 Oratore
1336 3258 1406 3311 ex-

230 3389 251 3436 «
282 3357 384 3438 trahi
404 3358 622 3462 contigerit,
643 3359 757 3438 toties
778 3357 827 3436 ab
848 3383 896 3436 eo
916 3364 1101 3436 notentur
1115 3356 1156 3434 in
1175 3357 1405 3461 syngrapha

230 3514 251 3560 ι(
282 3508 406 3589 penes
433 3483 688 3562 Praefectum
717 3482 936 3577 servanda3
980 3489 1017 3560 et
1045 3506 1124 3587 quo
1168 3480 1282 3560 citius
1318 3480 1405 3559 fieri

229 3637 250 3686 κ
282 3608 424 3714 poterit
452 3607 491 3685 in
521 3606 733 3714 pristinum
761 3608 897 3686 locum
925 3613 1189 3711 reponantur:
1229 3605 1338 3710 quod
1366 3605 1405 3683 il-

229 3764 249 3808 «
282 3732 358 3812 lico
385 3733 577 3831 fiatcum
606 3732 669 3811 alii
698 3729 893 3835 Religicsi
922 3731 1087 3810 eosdem
1115 3729 1239 3809 libros
1267 3730 1404 3809 lecturi

230 3889 251 3936 «
282 3856 632 3963 postulaverint».

308 3983 374 4062 Ex
401 3981 464 4060 his
492 3981 739 4086 caeterisque
766 3978 976 4078 similibus
1014 4004 1116 4084 quae
1145 3976 1243 4074 heic,
1281 4005 1404 4057 causa

222 4105 443 4206 brevitatis²
473 4133 555 4186 non
583 4107 820 4201 reseruntur,
852 4105 969 4211 plane
997 4110 1153 4182 constat
1180 4130 1253 4209 pro
1295 4103 1405 4183 Reli-

223 4230 352 4336 giosis
395 4230 579 4337 propriae
621 4229 835 4309 voluntatis
878 4225 1169 4309 abdicationem
1206 4228 1401 4331 integram

223 4383 320 4436 esse
361 4355 505 4437 debere
534 4403 584 4415 -
613 4357 700 4434 sino
745 4381 865 4434 otorc
904 4400 956 4412 —
994 4379 1073 4432 non
1115 4352 1240 4460 tepido
1276 4398 1327 4410 -
1366 4337 1419 4430 ot

224 4482 329 4560 bono
358 4483 520 4561 ocimo:
549 4480 784 4586 praesertim
813 4504 905 4557 cum
935 4478 1093 4557 deuna
1121 4477 1160 4556 in
1190 4476 1308 4555 aliem
1337 4477 1403 4555 do-
