3550 5434
647 537 650 542 ·
704 518 863 572 -211-

189 695 324 800 vigeat
351 695 565 800 Regularis
593 696 815 776 claustralis
843 695 1107 776 observantia.
1148 696 1265 778 Unde
1302 699 1376 776 Be-

192 821 283 900 ned.
314 821 413 900 XIV
441 820 481 898 in
507 821 670 927 Synodo
698 822 891 900 Dr'oeces:
919 821 1038 900 XIII.
1061 820 1158 927 Cap.
1186 821 1262 900 XI.
1279 851 1318 901 n.
1335 824 1376 901 4.

191 946 475 1024 arrimadoertit
493 994 545 1005 -
565 955 721 1052 praeter
740 947 898 1026 deereta
918 945 1251 1050 Congregationis
1271 948 1378 1026 Con-

193 1069 268 1149 eilii
300 1097 363 1149 an.
394 1071 497 1149 1624
526 1070 575 1176 ab
604 1069 702 1152 Urb.
732 1071 836 1150 VIII.
866 1070 1096 1177 approbata,
1128 1070 1273 1176 quibus
1291 1070 1377 1166 ¹uni-

190 1195 336 1300 cuique
364 1195 555 1298 Reguluri
585 1194 790 1302 Superiori
819 1194 1069 1301 praecipitur,
1099 1221 1149 1274 ne
1169 1195 1375 1299 Religioso

191 1319 266 1398 sibi
305 1320 461 1400 subdito
494 1319 720 1400 facultatem
758 1351 778 1396 «
811 1318 979 1398 servatis
1012 1319 1061 1398 de
1091 1319 1180 1426 jure
1213 1347 1377 1398 servan-

190 1444 294 1524 dis»
327 1443 442 1522 Iaoiat
484 1444 713 1524 transeundi
744 1443 943 1523 adoliam
985 1443 1249 1547 Religionem,
1280 1445 1371 1522 lieet

189 1571 453 1664 strictiorem,
482 1569 558 1648 nisi
587 1597 639 1650 ex
667 1568 838 1648 indubiis
871 1567 944 1647 sibi
982 1567 1232 1648 documentis
1268 1577 1374 1648 nerle

190 1701 345 1772 constet
372 1693 533 1773 alterius
561 1693 666 1773 illius
694 1694 955 1799 Superiorem
993 1702 1224 1799 promptum
1257 1719 1376 1799 para·

189 1824 358 1923 tumque
386 1845 475 1898 esse
504 1820 553 1898 ad
583 1845 677 1898 eum
706 1817 994 1924 recipiendum,
1033 1826 1071 1896 et
1099 1817 1174 1896 nisi
1203 1843 1290 1896 rem
1320 1818 1372 1899 itu

188 1941 442 2047 disposuerit,
473 1952 516 2022 ut
542 1942 650 2023 idem
678 1942 963 2046 Religiosusa
1006 1967 1081 2021 sua
1115 1944 1165 2022 ad
1207 1942 1374 2022 alteram

189 2066 444 2171 Religionem
472 2076 579 2147 reete
606 2077 865 2174 pertranseat.

270 2191 373 2270 Hine
402 2191 606 2297 quaeritur
635 2193 674 2270 1⁰
715 2191 864 2273 Utrum
906 2198 1067 2297 peracto
1110 2190 1278 2270 transitu
1320 2192 1371 2272 ad

185 2317 438 2394 strictiorem
456 2315 724 2420 Religionem,
746 2314 1020 2395 necessarium
1040 2315 1101 2414 sit,
1117 2315 1233 2422 juxta
1244 2343 1371 2423 proo-

183 2442 448 2548 scriptr'onem
488 2442 530 2521 S.
560 2440 906 2545 CongregationIS,
951 2441 1082 2520 denuo
1127 2440 1371 2520 Novitiatum

187 2567 409 2671 peragere?
574 2653 579 2661 ⁸

268 2689 414 2796 Utique
442 2698 597 2796 oportet
638 2718 788 2769 novam
828 2688 1106 2796 probationem
1157 2688 1368 2767 formalem

182 2823 375 2920 repetere,
405 2816 498 2920 quia
526 2814 767 2919 Religiosn5‚
798 2814 944 2894 hocin
973 2814 1112 2893 ordine
1140 2839 1271 2919 neque
1308 2840 1367 2893 re-

182 2938 302 3043 gulas
330 2939 502 3046 excepit3
532 2966 661 3046 neque
690 2965 818 3019 novae
840 2940 941 3018 vitae
959 2939 1155 3018 rationem
1177 2947 1368 3044 expertus

181 3075 257 3160 est;
273 3091 397 3170 quam
411 3064 446 3144 ei
462 3065 723 3146 difficiliorem
733 3093 777 3144 se
788 3064 959 3144 exhibet:
975 3064 1139 3170 insuper
1149 3063 1233 3169 ipse
1245 3064 1366 3144 relate

180 3190 236 3268 ad
263 3189 341 3267 hoe
368 3188 594 3270 Institutum
623 3217 667 3269 se
696 3189 859 3296 praebet
887 3189 962 3274 illis
991 3187 1285 3269 conditionibus
1304 3214 1370 3267 oo-

180 3313 357 3411 mitatus
387 3341 488 3420 quas
517 3341 649 3394 ontnes
677 3316 769 3392 noni
787 3313 1046 3393 Postuluntes
1060 3339 1201 3391 seeum
1223 3313 1366 3391 lerunt.

265 3439 475 3532 Quaeritur
491 3441 527 3518 2.
548 3445 614 3517 An
630 3438 867 3518 Nooc'tr'otus
897 3437 958 3516 vel
987 3437 1167 3543 ejusdem
1196 3463 1292 3543 pars
1307 3436 1365 3516 di-

183 3575 418 3670 spensatur:
448 3573 485 3642 et
513 3562 615 3643 solet
641 3590 784 3669 reapse
813 3561 1063 3668 dispensari?

267 3687 467 3792 Neputioe
498 3718 518 3765 «
547 3687 747 3769 ordinario
778 3717 797 3761 a
830 3696 889 3766 est
904 3685 1250 3792 respondendum:
1274 3686 1367 3792 quia

183 3812 227 3892 in
256 3811 331 3891 liae
358 3813 491 3918 speeie
519 3811 724 3910 diffieilior,
755 3811 810 3891 uti
839 3811 1082 3918 experientia
1119 3811 1245 3908 docet,
1274 3836 1367 3918 per-

182 3941 418 4018 seuerantia
445 3936 637 4042 Religiosi
660 3937 899 4016 veritieatur:
920 3936 1099 4042 quinimo
1120 3934 1365 4014 eontrarium

183 4060 376 4140 continuo
406 4060 743 4140 anImadvertitur.

254 4186 506 4281 Quaeritur3.
521 4196 658 4266 utrum
671 4184 788 4264 hodie
804 4184 975 4264 sufficiat
985 4191 1139 4263 tanturn
1149 4210 1254 4262 nova
1264 4184 1368 4262 Pro-

179 4313 311 4414 fessr'o
330 4313 531 4407 solemnia,
553 4319 596 4389 ut
614 4309 852 4416 plerumque
872 4309 912 4387 in
932 4308 1136 4388 nonnullis
1156 4307 1364 4387 ordinibus

180 4434 273 4514 fieri
300 4435 410 4535 solet,
440 4434 502 4514 vel
522 4433 653 4542 potius
687 4433 913 4513 necessaria
941 4442 1002 4512 est
1028 4433 1243 4538 Professm
1271 4435 1366 4512 sim·
