3550 5434
661 535 805 592 ..97-

150 743 289 794 cessus.
320 718 475 796 Omnes
502 742 601 797 sane
629 715 802 795 Ordines
830 713 1056 816 Regulares
1096 713 1138 792 in
1166 713 1316 818 regulis

89 839 95 848 '
149 837 377 944 respectivis
406 846 564 945 tempus
592 838 899 918 determinatum
928 837 1183 933 constituunt,
1217 837 1320 920 intra

148 963 254 1070 quod
280 962 536 1043 postulantes
556 962 731 1068 recipere
751 963 790 1042 in
810 962 994 1043 Claustra
1012 961 1203 1042 habeant:
1224 962 1321 1070 quid

147 1086 179 1164 si
195 1087 270 1194 ipsi
285 1086 389 1166 hanc
403 1095 573 1167 oetatem
589 1086 859 1168 excesserint?
874 1088 990 1167 Tunc
1004 1087 1147 1167 eadem
1164 1088 1205 1168 S.
1222 1090 1323 1169 Con-

147 1211 337 1316 gregatiO,
367 1211 528 1318 praevia
542 1211 823 1292 informatione
842 1220 880 1292 et
898 1219 992 1292 voto
1011 1211 1251 1318 Superioris
1273 1211 1325 1291 di·

147 1362 340 1443 spensare
377 1337 662 1416 consuevit-
695 1365 715 1414 a
745 1336 958 1417 ctumvneacta
988 1344 1153 1416 caetera
1190 1339 1324 1416 omnia

151 1495 170 1540 u
201 1464 390 1570 requisita
419 1464 458 1540 in
489 1464 686 1570 praefata
728 1462 968 1542 Postulante
1010 1467 1321 1542 concurrant».

662 1802 697 1906 S·
728 1801 796 1881 5·“⁸

149 2015 260 2103 otuu
283 2017 320 2094 si
343 2015 580 2122 Superiores
609 2015 829 2122 receperint
856 2015 898 2093 in
929 2014 1160 2095 Claustrum
1177 2015 1327 2094 Postu-

258 2175 384 2255 tantes
412 2181 505 2254 ante
534 2182 708 2254 aetatem
736 2203 763 2252 a
790 2174 974 2254 Decretis
997 2175 1211 2284 pontificiis
1243 2183 1327 2253 sta-

258 2337 412 2415 tutam?

231 2584 342 2663 Idem
369 2582 492 2664 Clem.
523 2583 584 2690 X.¹
618 2581 692 2663 loc.
723 2583 785 2663 cit.
829 2581 1105 2689 prosequitur:
1142 2611 1162 2660 a
1193 2609 1327 2662 ornnes

150 2738 170 2785 a
201 2709 260 2788 sic
302 2716 488 2815 receptas,
532 2733 604 2786 seu
634 2707 849 2805 admissos
894 2707 1215 2804 aMonesteriis‚
1254 2734 1327 2787 seu

150 2862 170 2908 a
200 2831 402 2913 Dornibus
431 2829 705 2935 Regularibus
732 2831 972 2938 Superiores
1016 2831 1181 2912 omnino
1215 2859 1328 2913 amo-

151 2990 171 3035 «
202 2963 323 3036 veant
351 2963 388 3035 et
416 2955 609 3063 ejiciant...
632 2949 806 3063 poenam
835 2959 993 3036 interim
1012 2958 1250 3064 precationis
1269 2957 1328 3036 ali-

150 3113 170 3160 «
200 3083 399 3187 9nitatum
427 3088 464 3160 et
493 3080 718 3186 officiorum
746 3108 848 3187 quae
877 3083 917 3159 in
945 3086 1040 3160 actu
1067 3083 1252 3180 obtinent,
1278 3108 1328 3160 ac

149 3239 168 3284 (ι
194 3211 417 3316 perpetuae
437 3206 694 3285 inhabilitatis
714 3207 772 3285 ael
788 3205 872 3302 itta,
894 3208 953 3285 cel
969 3207 1053 3285 aba
1072 3208 1329 3314 inposterum

148 3365 168 3411 «
203 3331 428 3429 obtinenda,
458 3333 636 3436 uocisque
664 3333 818 3411 actione
838 3338 876 3411 et
900 3333 1085 3438 passione
1104 3333 1186 3440 ipso
1203 3334 1327 3436 sacto

150 3489 171 3536 «
202 3459 353 3563 absque
372 3457 455 3535 alia
482 3455 755 3535 declaratione
784 3456 998 3534 incurrant
1026 3483 1063 3534 u.

231 3585 310 3662 Ast
336 3582 461 3661 Sedes
488 3578 724 3686 Apostoliea
752 3579 862 3660 hisce
891 3579 932 3658 in
960 3578 1233 3686 frequentibus
1267 3605 1329 3658 ca-

146 3707 265 3787 sibus
293 3705 465 3810 benigne
493 3703 594 3808 egit:
625 3702 952 3811 supplicibusque
971 3703 1116 3784 libellis
1135 3703 1328 3783 benevole

147 3829 329 3935 indulget
356 3877 408 3889 -
431 3859 451 3905 a
481 3829 642 3935 praevia
671 3827 974 3909 absolutiones
1016 3827 1170 3934 poenis
1201 3855 1225 3906 a
1257 3829 1328 3907 Su-

151 3989 170 4030 «
203 3953 441 4062 perioribus
471 3953 523 4034 ob
553 3952 789 4060 praemissa,
810 3952 984 4032 incursis
999 3999 1051 4012 -
1066 3961 1104 4032 et
1122 3953 1329 4032 sanatione

149 4111 169 4158 a
204 4080 338 4188 quoad
381 4078 563 4182 singulos
607 4085 720 4157 actus
761 4104 891 4185 usque
938 4078 1069 4158 adhue
1110 4078 1330 4184 quomodo-

150 4237 171 4283 «
203 4231 379 4312 cumque
408 4203 527 4283 initos
543 4229 679 4282 -eos
708 4203 758 4282 ad
779 4201 912 4282 officia
931 4201 1116 4283 restituit:
1146 4210 1184 4281 et
1197 4229 1329 4307 recep

148 4364 169 4407 «
202 4330 345 4426 tiones,
375 4329 424 4409 de
453 4328 599 4436 quibus
627 4327 769 4430 agitur,
813 4329 853 4406 in
881 4327 1015 4407 radice
1057 4335 1172 4407 sanat
1208 4337 1326 4434 atque

148 4487 169 4532 ι(
205 4455 399 4536 revalidat
427 4483 464 4535 ».

1237 4615 1248 4654 'l
