3550 5434
862 547 1024 603 ..106-

435 732 527 810 Jam
556 756 651 809 vero
681 728 895 835 aliquando
912 710 997 835 'pro
1030 755 1275 838 unoquoque
1314 731 1378 810 vel
1407 731 1531 814 altero

354 853 586 934 postulante
614 854 851 961 permittitur
867 856 1066 960 formatis
1079 857 1281 962 probatio,
1302 864 1448 938 attenta
1469 885 1532 937 ne·

352 979 535 1059 cessitate
562 979 798 1083 Religionis,
828 982 868 1057 in
896 981 981 1059 loco
1006 1006 1083 1087 pro
1111 979 1320 1060 Noeitictu
1356 1008 1436 1061 non
1463 982 1527 1062 dc-

352 1106 521 1210 siyncm,
565 1112 602 1183 et
643 1115 738 1183 tunc
780 1103 967 1211 quamvis
1004 1104 1227 1185 postulanti
1275 1107 1530 1206 concedatur,

353 1254 546 1334 expressa
574 1227 800 1309 conditione
831 1257 852 1305 «
873 1238 918 1307 ut
935 1228 1021 1335 ipse
1040 1228 1091 1308 sit
1109 1228 1186 1309 sub
1210 1256 1307 1309 cura
1336 1229 1531 1336 Religiosi

357 1353 491 1432 «Viri
521 1352 703 1434 moribus
738 1362 855 1461 atque
893 1362 1020 1434 aetate
1048 1354 1201 1459 gravis;
1244 1355 1381 1435 omnia
1410 1355 1532 1435 adim-

357 1509 378 1557 «
405 1477 521 1584 pleat,
542 1503 644 1585 quae
672 1505 696 1556 a
724 1477 1082 1558 Constitutionibus
1120 1479 1366 1585 Apostolicis
1394 1489 1431 1559 et
1459 1481 1532 1561 Or-

359 1632 379 1681 «
408 1603 512 1682 dinis
541 1628 614 1708 pro
656 1601 899 1682 institutione
937 1611 974 1682 et
1002 1603 1236 1684 educatione
1263 1605 1529 1703 Novitiorum,

358 1758 378 1805 «
409 1735 555 1808 statuta
574 1735 669 1807 sunt
689 1755 733 1824 »3
762 1735 910 1825 temen,
933 1754 1003 1835 per
1022 1729 1309 1835 exceptionem,
1330 1730 1531 1809 interdum

354 1853 389 1932 ei
417 1851 572 1932 licentia
599 1852 811 1951 confertur,
841 1861 884 1931 ut
912 1853 1068 1932 interim
1097 1852 1213 1934 alicui
1240 1854 1372 1934 studio
1410 1880 1532 1959 pecu-

356 1976 441 2066 liari
470 2003 635 2082 operam
663 1975 830 2073 tribuat3
873 1977 1085 2058 dammodo
1117 1977 1360 2086 Disciplinae
1401 1979 1531 2060 obser-

356 2103 492 2182 rcntiu
519 2103 617 2180 nulli
641 2103 765 2181 subsit
793 2101 1039 2182 detruncate.

878 2440 914 2543 ἓ·
945 2444 1013 2520 4·“’

361 2691 507 2769 Utrum
535 2698 709 2799 tempore
734 2689 922 2792 formatis
953 2687 1209 2798 probationis
1246 2689 1397 2769 Nocitii
1421 2697 1532 2769 trun-

514 2834 642 2936 sferri
662 2834 815 2940 possint
842 2831 890 2911 de
919 2859 1001 2910 unu
1028 2832 1087 2911 ud
1116 2833 1291 2911 alteram
1318 2832 1529 2912 Domum?

433 3097 620 3178 Vidimus
666 3098 752 3206 jam
794 3106 942 3205 quanta
989 3097 1039 3176 sit
1080 3096 1304 3177 sollicitudo
1351 3096 1531 3178 Clemen-

352 3224 402 3303 tis
430 3225 534 3304 Vlll.
564 3225 604 3302 in
633 3222 874 3303 institutione
894 3231 933 3302 et
961 3231 1102 3303 exacta
1120 3221 1375 3301 observantia
1405 3222 1530 3301 Novi-

352 3345 490 3424 tiatus:
535 3343 707 3423 vidimus
750 3343 867 3424 etiam
911 3351 1069 3449 tempus
1111 3342 1335 3423 Novitiatus
1369 3369 1531 3422 cursum

353 3496 475 3574 acere
502 3469 551 3548 de
578 3469 640 3548 dte
668 3471 707 3548 in
726 3469 838 3562 dr'em,
860 3468 909 3548 cle
928 3468 1035 3547 hora
1062 3471 1101 3546 in
1119 3468 1290 3561 doram
1319 3449 1412 3547 hinc
1440 3467 1474 3548 si
1490 3454 1541 3546 in‘

352 3595 488 3689 Arme,
517 3593 579 3674 vel
606 3595 773 3673 Biennio
793 3593 972 3673 formalis
992 3591 1238 3699 probationis
1266 3593 1348 3672 dies
1375 3592 1530 3672 velera

352 3719 518 3814 deficiet,
548 3718 623 3799 dici
651 3718 786 3825 nequit
805 3725 965 3824 tempus
996 3717 1229 3817 Novitiatus,
1255 3716 1296 3796 in
1324 3743 1448 3797 sensu
1480 3716 1532 3795 le-

352 3843 425 3946 gis,
456 3869 546 3922 esse
573 3845 723 3948 intcyrc
751 3842 995 3922 consectum:
1016 3841 1189 3922 vidimus
1209 3842 1380 3951 denique
1409 3841 1531 3922 Novi-

352 3967 489 4048 tiatum
532 3995 622 4047 esse
650 3969 690 4047 in
719 3967 980 4047 determinato
1018 3969 1226 4048 Conventa
1268 3966 1528 4072 ctesiqnotnm,

351 4101 388 4170 et
407 4091 509 4171 intra
529 4091 614 4198 ejus
627 4092 868 4174 Clausorum
884 4091 1066 4171 Novitios
1082 4090 1271 4172 continuo
1286 4089 1530 4171 commorari

350 4222 544 4322 oportere.

428 4343 491 4422 Ex
520 4368 600 4448 quo
629 4343 777 4421 factum
806 4349 877 4440 est,
906 4347 951 4420 ut
979 4341 1013 4419 si
1042 4339 1189 4419 Novitii
1208 4340 1258 4419 de
1285 4368 1369 4419 una
1397 4340 1447 4420 ad
1468 4340 1528 4419 al-

350 4473 484 4544 teram
512 4466 687 4546 Domum
715 4467 1016 4566 transferantur,
1034 4464 1257 4545 Novitiatus
1277 4467 1528 4573 interruptus
