3550 5434
903 499 1064 556 ..200-

473 678 547 756 Ad
571 686 775 786 quartam.
792 679 972 760 Elieotus
989 687 1123 758 autem
1143 677 1373 784 Ejectionis
1388 685 1481 758 sunt
1495 725 1513 738 -
1528 687 1573 758 ut

393 803 531 909 Ejecti
572 803 764 909 quamdiu
807 829 889 882 non
932 802 1118 883 redierint
1147 804 1198 882 ad
1235 802 1501 908 Religionem,
1531 805 1573 881 in

394 928 527 1008 habitu
554 929 724 1008 clericali
752 928 947 1027 incedant,
978 935 1097 1035 atque
1127 927 1339 1009 Ordinario
1360 927 1436 1008 loci
1451 928 1573 1035 juris-

393 1052 551 1132 dictioni
579 1063 617 1132 et
653 1052 896 1134 obedientiae
938 1053 1112 1133 subsint:
1157 1053 1346 1159 suspensi
1375 1081 1398 1132 a
1426 1053 1571 1133 divinis

395 1186 601 1258 maneant:
644 1205 775 1284 neque
815 1205 932 1258 saera
960 1177 1178 1256 ministeria
1219 1177 1339 1276 obire,
1370 1204 1499 1284 neque
1528 1179 1571 1257 S.

392 1301 545 1382 Missae
572 1303 823 1383 Sacrificium
851 1328 971 1408 agere
999 1309 1188 1407 possunt:
1219 1301 1377 1382 sublata
1399 1302 1573 1383 Ordina-

393 1425 673 1533 riis'locorum
701 1427 896 1524 facultate,
926 1427 1075 1507 dictam
1116 1427 1429 1532 suspensionem
1473 1427 1575 1506 rela-

393 1550 526 1646 xandi,
556 1559 625 1631 aut
651 1552 898 1633 moderandi.
929 1551 1119 1649 Quinimo
1150 1561 1357 1657 tamquam
1377 1549 1575 1631 inhabiles

394 1672 445 1752 ad
473 1674 673 1756 Beneficia
715 1674 985 1755 ecclesiastica
1029 1675 1282 1781 assequenda
1323 1673 1401 1753 sint
1433 1671 1574 1780 procul

396 1797 568 1878 arcendi.

475 1920 549 2000 Ad
574 1925 767 2029 quintam.
797 1922 841 2004 Si
882 1922 1122 2003 miserabilis
1157 1920 1221 2001 ille
1265 1922 1413 2029 ejectus
1457 1945 1575 2000 verae

395 2044 703 2151 resipiscientiae
731 2048 848 2152 signa
885 2047 1046 2146 dederit,
1077 2055 1114 2126 et
1143 2046 1193 2126 ad
1221 2046 1372 2126 bonam
1414 2046 1576 2151 frugem

394 2172 536 2251 reverti
565 2171 782 2270 desiderat3
811 2172 1104 2254 absolutionem
1133 2200 1156 2250 a
1185 2172 1380 2271 censuris,
1398 2182 1435 2251 et
1464 2171 1574 2252 reha-

394 2295 651 2376 bilitationam
692 2298 743 2378 ad
770 2298 897 2378 Sacra
938 2297 1123 2377 obeunda
1160 2304 1342 2403 peroptat
1372 2299 1575 2376 -inuento

394 2420 596 2528 Episcopo
624 2421 818 2502 benevolo
848 2424 1083 2527 Receptore,
1114 2419 1242 2500 abeo
1276 2422 1575 2501 commendatus

396 2545 447 2626 a'd
488 2547 528 2626 S.
573 2547 937 2651 Congregationem
978 2556 1158 2626 recurrat
1195 2578 1214 2624 a
1257 2573 1362 2652 quae
1405 2547 1577 2651 benigne

398 2700 419 2746 r
447 2669 579 2750 tribuit
607 2670 811 2751 facultates
840 2671 1090 2750 necessarias
1118 2679 1156 2750 et
1184 2679 1432 2778 opportunas
1461 2698 1573 2778 prae-

400 2824 420 2873 «
448 2797 528 2876 fato
558 2796 782 2893 Ordinari0,
812 2806 854 2877 ut
882 2796 1095 2876 durnmodo
1114 2796 1269 2876 Orator
1296 2823 1416 2875 cerac
1436 2799 1579 2904 resipi-

400 2951 420 2998 «
447 2923 626 3000 scantiae
652 2925 774 3025 sipna
791 2921 948 3001 dederit
969 2927 992 2964 “
1013 2921 1248 3027 praemissis
1277 2920 1476 3000 exercitiis
1497 2921 1579 3028 spi-

401 3075 421 3120 «
449 3045 670 3142 ritualibus,
699 3044 842 3124 saltem
870 3072 942 3152 per
970 3047 1109 3125 decem
1137 3045 1222 3125 dies
1251 3108 1275 3143 „
1305 3045 1473 3151 praevia
1514 3046 1579 3125 ab

401 3170 649 3251 «solutione
690 3170 870 3277 ejusdem
914 3197 936 3250 a
979 3171 1161 3250 censuris
1200 3168 1496 3267 ecclesiasticis
1541 3177 1580 3251 et

399 3323 419 3371 «
449 3294 747 3401 dispensatione
776 3294 825 3374 ab
853 3293 1155 3398 irregularitate,
1195 3295 1579 3400 quomodocumque

400 3449 421 3496 a
450 3427 651 3500 contracta
678 3468 693 3478 -
720 3421 828 3500 Mum
857 3420 907 3499 ad
936 3421 977 3500 S.
1009 3419 1193 3499 obeunda
1223 3417 1457 3518 ministeria,
1484 3419 1581 3499 Mis-

400 3573 420 3620 «
450 3570 619 3649 samque
647 3542 926 3623 celebrandam
968 3541 1216 3623 rehabilitare
1258 3542 1387 3622 valeat
1416 3542 1466 3622 ad
1502 3570 1580 3622 seca

401 3699 422 3745 a
450 3695 611 3765 menses,
641 3690 1099 3749 mrunouxrnamnurr:
1131 3693 1210 3773 quo
1238 3677 1420 3773 tempore
1442 3666 1580 3773 elapso

403 3825 423 3870 a
455 3795 598 3873 iterum
625 3801 830 3887 recurrat,
861 3793 913 3869 ab
944 3793 1029 3897 ipso
1057 3789 1260 3898 Episcopo
1296 3792 1444 3871 iterum
1475 3816 1581 3870 com-

403 3949 423 3995 «
452 3916 686 3997 nrendatus:
714 3915 873 3996 interim
903 3915 1031 3994 dictus
1052 3915 1198 3996 Orator
1218 3916 1259 3995 S.
1280 3913 1579 3995 Patrimonium

401 4073 422 4120 a
452 4041 525 4122 sibi
553 4040 793 4121 constituere
813 4049 943 4136 curet;
965 4049 1002 4119 et
1017 4040 1277 4146 Episcopum,
1300 4039 1367 4147 qui
1385 4047 1580 4146 perpetuo

400 4198 420 4244 «
451 4193 545 4248 eum
571 4165 763 4245 benevole
791 4164 960 4270 excipiat
974 4164 1014 4242 in
1037 4191 1112 4244 sua
1131 4163 1326 4265 Dioecesi,
1348 4162 1521 4243 inveniat
1541 4191 1578 4238 a·

480 4293 521 4372 S.
551 4289 830 4394 Congregatio,
860 4296 950 4395 post
968 4315 1044 4368 sem
1062 4317 1215 4369 menses
1238 4286 1497 4393 «adimpletis
1526 4287 1577 4364 ab

398 4425 555 4496 oratore
583 4413 885 4513 conditionibus,
916 4413 1101 4518 superius
1129 4413 1386 4519 expressis»,
1419 4409 1580 4517 praevia
