3550 5434
1829 485 2152 539 -210—

826 703 862 750 ·:‹
921 669 1373 767 constiterit,
1436 695 1616 747 eam
1689 665 2200 769 Religionem
2268 670 2632 769 paratam
2708 690 2885 743 esse
2951 663 3180 744 illum

822 825 858 872 ι(
920 795 1294 901 recipere,
1384 792 1518 898 qui
1591 790 1988 871 licentiam
2072 788 2280 896 petit,
2368 799 2701 893 tumque
2785 788 3180 891 regularis

822 951 856 995 ·‹
916 927 1128 998 recte
1185 945 1271 998 se
1327 918 1751 998 transferat
1807 914 1922 993 ad
1974 915 2440 1009 arctiorem,
2501 914 2598 992 de
2665 937 2825 1017 qua
2891 939 2976 992 re
3032 913 3180 992 Su-

818 1077 853 1121 ι(
915 1044 1180 1151 perior
1237 1043 1457 1122 omni
1517 1041 1781 1121 studio
1842 1038 2192 1143 invigilet
2251 1067 2321 1117 ».

970 1169 1131 1248 Sed
1187 1169 1287 1248 ad
1374 1192 1815 1273 quamnam
1903 1165 2454 1243 auctoritatem
2513 1161 2847 1268 pertinet
2904 1161 3178 1268 hujus-

814 1293 1025 1373 modi
1083 1294 1274 1373 dare
1331 1291 1785 1372 licentiam?
1841 1291 2176 1394 Absque
2215 1288 2375 1368 ulla
2415 1288 2818 1368 dubitandi
2863 1289 3176 1368 ratione

810 1464 910 1476 --
969 1417 1070 1496 ad
1125 1417 1588 1497 Romanurn
1642 1415 2121 1520 Pontificem
2179 1422 2560 1520 spectare,
2623 1440 2801 1492 esse
2839 1441 3171 1520 respon-

810 1543 1185 1622 dendum.

970 1667 1341 1771 Namque
1397 1664 1539 1744 etsi
1597 1691 1739 1771 per
1795 1663 2218 1744 transitum
2279 1664 2376 1742 ad
2452 1665 2931 1742 strictior-em
3013 1664 3171 1743 Re-

810 1792 1175 1895 fiyc‘onem
1231 1797 1507 1868 v'otum
1564 1797 1918 1869 mutetur
1973 1788 2052 1866 in
2109 1787 2373 1893 majus
2428 1788 2771 1883 bonum;
2859 1795 2978 1865 est
3061 1797 3172 1865 ta-

814 1941 994 1994 men
1039 1914 1181 2020 jas
1238 1915 1707 2020 acquisitam
1748 1915 2026 2020 priori
2110 1914 2506 2017 religioni,
2593 1911 2808 2017 quod
2893 1914 3176 1990 immu-

810 2048 1062 2118 fetm‘:
1120 2065 1361 2145 super
1419 2065 1576 2144 qua
1636 2037 2250 2143 dispensatione,
2329 2083 2429 2098 —
2506 2036 2602 2114 de
2685 2039 2905 2115 tertii
2970 2036 3172 2141 jure

810 2165 1169 2272 quaesito
1193 2189 1219 2241 .·
1260 2162 1509 2241 solius
1539 2161 1955 2241 Pontificis
1989 2162 2415 2241 auctoritas
2445 2159 2796 2240 invocari
2831 2169 3167 2266 oportet.

967 2289 1067 2366 Et
1120 2287 1198 2366 S.
1251 2284 1788 2389 Congregatio
1831 2292 2189 2390 tempore
2236 2285 2405 2390 jam
2448 2293 2648 2381 actO,
2691 2311 2783 2363 ac
2825 2284 3171 2390 quotidie

818 2443 854 2490 ·:‹
912 2410 1237 2490 nomine
1275 2409 1756 2489 Pontificis»
1811 2409 2177 2515 precibus
2244 2407 2865 2513 Religiosorum,
2945 2435 3173 2488 com-

806 2535 1196 2616 mendatis
1272 2562 1318 2614 a
1401 2534 1964 2640 Superioribus
2053 2532 2468 2639 utriusque
2545 2533 2866 2614 Ordinis
2933 2563 2972 2609 «
3029 2533 3168 2612 be-

814 2695 851 2742 ι(
913 2664 1152 2767 nigne
1208 2661 1481 2741 annuit
1536 2687 1682 2766 pro
1740 2661 1993 2764 gratia
2034 2658 2243 2765 petiti
2300 2658 2715 2738 transitus:
2759 2686 2853 2738 ea
2892 2666 3164 2738 tamen

818 2823 852 2864 Ιι
912 2813 1295 2893 expressa
1350 2786 1549 2890 lege,
1611 2793 1696 2865 ut
1752 2813 1801 2863 a
1856 2783 2442 2890 SuperioribuS,
2524 2784 2622 2862 ad
2710 2809 2916 2888 quos
2981 2810 3167 2890 per-

818 2948 852 2988 t(
911 2912 1133 3006 tinet3
1191 2909 1649 3013 Religiosus
1708 2910 2000 2989 Orator
2074 2907 2505 2987 collocetur
2586 2908 2665 2987 in
2751 2907 2927 2987 loco
3015 2935 3160 3013 pro

818 3070 854 3114 ι(
910 3035 1315 3114 Novitiatu
1364 3034 1816 3137 designato:
1859 3033 2119 3138 ibique
2147 3033 2569 3113 formalem
2610 3032 3158 3138 probationem

818 3192 852 3235 κ
912 3166 1234 3265 repetat,
1294 3167 1369 3238 et
1425 3156 1860 3263 compleat;
1920 3183 2375 3262 novamque
2432 3165 2807 3238 votorum
2867 3159 3164 3262 profes-

814 3316 852 3361 s<
914 3285 1226 3364 sionem
1310 3282 1647 3362 emittat:
1737 3282 1952 3387 quod
2011 3282 2077 3360 si
2165 3283 2447 3388 quavis
2530 3310 2776 3362 causa
2846 3284 2922 3364 id
2994 3308 3159 3361 non

818 3442 853 3487 ιε(
887 3409 1178 3513 egerit,
1239 3409 1338 3487 ad
1397 3407 1897 3513 primaevum
1957 3407 2319 3487 ordinem
2359 3408 2614 3487 redire
2666 3416 3024 3487 teneatur
3081 3437 3156 3488 ».

806 3538 904 3615 Et
958 3559 1261 3638 reapse,
1322 3559 1510 3611 cum
1576 3531 2069 3611 conditiones
2155 3532 2571 3639 impositas
2656 3560 2818 3613 non
2905 3533 3160 3612 adim-

810 3657 1187 3764 pleverint
1241 3655 1621 3760 Religiosi
1681 3656 1781 3735 ad
1838 3657 2341 3761 primaevum
2409 3657 2771 3737 ordinem
2854 3657 3157 3736 reversi

810 3790 1014 3863 sunt.

965 3909 1050 3987 Id
1114 3913 1383 3985 tamen
1459 3913 1904 4011 opportune
1987 3914 2309 3984 cautum
2399 3914 2538 4003 est,
2618 3906 2717 3985 ad
2802 3915 3157 3985 mentem

806 4029 1130 4113 Concilii
1187 4030 1644 4126 Tridentini,
1706 4030 1838 4135 qui
1896 4029 2049 4108 hoc
2107 4029 2528 4136 disponere
2593 4057 2755 4109 non
2841 4029 3154 4126 destitit,

806 4183 902 4235 ne
958 4154 1437 4258 Religiosus,
1500 4181 1601 4232 ex
1644 4180 1802 4232 uno
1833 4154 1912 4231 in
1943 4154 2186 4233 alium
2221 4155 2605 4234 Ordinem
2638 4153 3150 4251 transeundO,

806 4279 925 4359 vel
984 4280 1395 4385 profuguS,
1455 4277 1578 4357 vel
1620 4281 2005 4384 Apostata
2045 4280 2365 4359 evadat:
2397 4280 2686 4387 jubens
2718 4287 3150 4385 praeterea,

806 4411 888 4482 ut
942 4404 1319 4483 transitus
1377 4429 1694 4506 semper
1750 4403 1921 4483 fieri
1979 4404 2257 4483 debeat
2296 4406 2396 4484 ad
2439 4404 2822 4485 Ordinem
2865 4404 2942 4482 in
2984 4429 3149 4508 quo
