3550 5434
1838 576 2125 630 ...26-

807 765 978 835 tum
1037 753 1492 855 sortiantur,
1552 764 1627 833 et
1682 755 1986 835 fructus
2045 753 2456 834 uberiores
2511 755 2592 833 in
2650 756 2939 837 animis
2975 760 3135 838 Fra

808 889 1022 959 trum
1081 881 1545 985 producant,
1607 879 1835 961 valde
1892 888 2438 986 opportunum
2496 881 2663 980 erit,
2723 882 2789 961 si
2846 882 2926 961 in
2974 910 3165 989 quo·

807 1003 992 1084 libet
1045 1007 1458 1086 Conventu
1512 1004 1850 1109 singulis
1904 1004 2430 1085 hebdomadis
2468 1005 2856 1086 habeatur
2892 1035 3162 1088 sermo

808 1127 904 1207 de
962 1128 1335 1233 religiosa
1390 1128 1826 1235 disciplina,
1885 1128 2390 1237 regularique
2448 1128 2975 1212 observantia.

964 1254 1054 1333 P.
1119 1253 1242 1334 26.
1307 1301 1409 1313 -
1464 1255 1643 1350 Quo
1699 1280 1892 1333 vero
1933 1254 2206 1333 omnia
2244 1254 2601 1335 ordinate
2646 1266 3154 1362 peragantur,

809 1381 1303 1487 appendatur
1358 1377 1688 1459 Tabella
1742 1378 1824 1456 in
1881 1380 2104 1458 Loco
2162 1378 2598 1484 conspicuo
2656 1379 3164 1486 uniuscujus-

810 1532 966 1612 que
1040 1506 1522 1602 Conventus,
1609 1502 1690 1581 in
1776 1528 1935 1609 qua
2020 1500 2383 1581 distincte
2467 1502 2883 1584 adnotetur
2967 1504 3154 1610 quid

810 1628 1147 1734 singulis
1235 1627 1452 1707 horis
1509 1627 1899 1734 cujusque
1981 1627 2130 1707 diei
2190 1625 2513 1732 quilibet
2565 1629 2847 1707 Frater
2928 1655 3164 1735 prae-

810 1764 1022 1835 stare
1077 1752 1383 1851 debeat,
1443 1762 1528 1831 ut
1583 1763 1797 1832 certo
1885 1778 2206 1857 quoque
2289 1751 2523 1856 signo
2612 1754 3160 1858 praemonitus

809 1879 1093 1985 majori
1151 1876 1395 1956 animi
1451 1876 2054 1983 praeparatione
2110 1904 2262 1956 suo
2321 1877 2635 1956 muneri
2705 1877 3163 1958 satisfacere

808 2003 1082 2111 possit.
1142 2006 1364 2099 Quae
1423 2001 1719 2083 ordinis
1775 2001 2396 2082 Constitutiones
2453 2001 2580 2082 his
2625 2003 2961 2083 decretis
2998 2032 3160 2085 non

810 2128 1334 2209 adversantur
1390 2125 1760 2205 inviolate
1816 2126 2379 2207 custodiendae
2435 2135 2690 2206 erunt.

967 2254 1061 2332 P.
1124 2253 1249 2331 27.
1310 2297 1413 2310 -
1469 2249 1781 2346 Quibus
1837 2250 2129 2329 horum
2188 2251 2692 2331 decretorum
2761 2251 3162 2357 capitibus

809 2386 1022 2457 certa
1078 2403 1334 2483 paena
1389 2375 1879 2481 praescripta
1934 2400 2096 2454 non
2155 2385 2298 2469 est,
2358 2375 2679 2455 arbitrio
2721 2376 3155 2475 Generalis,

807 2501 932 2582 vel
989 2501 1311 2581 alterius
1370 2498 1806 2579 immediati
1861 2499 2315 2605 Superioris
2372 2498 2794 2604 infligatur.

966 2619 1060 2698 P.
1123 2618 1250 2697 28.
1311 2664 1412 2676 -
1470 2616 1578 2698 Ut
1634 2624 1903 2695 autem
1960 2615 2158 2695 haec
2243 2619 2579 2696 Decreta
2656 2616 2944 2721 (donec
2999 2617 3150 2697 alia

808 2770 1015 2850 quae
1071 2743 1172 2821 ad
1228 2740 1666 2848 pleniorem
1757 2740 2188 2846 supradicti
2273 2739 2597 2822 Ordinis
2660 2741 3148 2821 reformatio·

807 2894 997 2947 nem
1054 2867 1360 2961 facient,
1395 2866 1759 2968 edantur)
1804 2863 1904 2944 ab
1945 2863 2319 2945 omnibus
2360 2864 2771 2955 observari
2809 2865 3144 2971 possint,

807 2992 1154 3074 districte
1237 2989 1772 3096 praecipimus
1857 2989 2247 3086 Generali,
2336 3016 2430 3069 ac
2516 2987 2893 3068 omnibus
2978 2988 3149 3068 aliis

808 3115 1450 3224 quibuscumque
1505 3113 2095 3220 Superioribus,
2157 3115 2256 3193 ad
2341 3141 2546 3222 quos
2602 3113 2757 3194 hoc
2822 3123 3147 3222 spectat,

807 3251 890 3321 ut
947 3248 1245 3332 curent,
1306 3265 1400 3318 ac
1457 3238 1807 3318 officiant
1861 3265 1955 3317 ea
2012 3237 2283 3318 omnia
2338 3238 2539 3318 inter
2587 3238 2783 3319 alias
2839 3265 3150 3318 eorum-

804 3366 990 3445 dem
1049 3362 1372 3444 Ordinis
1429 3362 2049 3443 Constitutiones
2134 3370 2515 3468 perpetuo
2599 3363 2981 3442 valituras
3038 3390 3152 3441 re-

803 3488 988 3593 digi,
1048 3488 1455 3568 interdicta
1512 3486 1840 3566 omnino
1884 3513 2167 3566 eorum
2206 3486 2541 3591 singulis
2581 3486 2947 3568 facultate
2976 3486 3151 3566 illas

804 3612 1280 3709 declarandi,
1339 3620 1414 3691 et
1469 3613 1860 3692 adversus
1947 3639 2085 3691 eas
2168 3638 2528 3718 unquam
2612 3611 3151 3718 dispensandi.

963 3736 1373 3843 Alioquim
1430 3736 1684 3815 sciant
1739 3763 1829 3816 se
1885 3736 1966 3815 in
2024 3762 2369 3842 poenam
2448 3735 2995 3831 GeneralatuS,
3074 3743 3149 3815 et

806 3861 1278 3945 Officiorum
1364 3860 1847 3966 privationis,
1935 3889 2028 3941 ac
2112 3858 2616 3941 inhabilitatis
2718 3868 3146 3966 perpetuae

804 3989 906 4068 ad
962 3985 1114 4068 alia
1196 4011 1516 4091 quoque
1599 4011 1960 4083 munera,
2021 3985 2198 4090 ipso
2256 3985 2485 4084 factO,
2583 3994 2657 4063 et
2740 3985 2913 4063 sine
2987 3983 3147 4064 ulla

803 4109 1268 4215 exceptione
1324 4109 1760 4215 respective
1818 4110 2212 4189 incidisse.

960 4236 1055 4314 P.
1115 4234 1241 4313 29.
1285 4281 1385 4293 -
1437 4233 1560 4313 Ne
1601 4260 1789 4314 vero
1830 4243 2241 4341 praetextu
2279 4233 2561 4313 dilatae
2596 4233 3152 4341 publicationis

803 4385 1087 4439 eorum
1144 4358 1594 4438 observatio
1653 4359 2060 4465 quomodo
2091 4358 2275 4438 libet
2332 4357 2625 4437 differri
2680 4358 2956 4464 possit,
3018 4364 3154 4437 aut

800 4480 1190 4588 impediri,
1253 4479 1653 4582 volumuS,
1711 4489 1797 4560 ut
1836 4491 2015 4587 post
2052 4480 2373 4561 illorum
2416 4480 3032 4588 publicationem
3070 4480 3153 4560 in
