3550 5434
626 1089 742 1156 011111
765 1089 923 1154 Tmou

240 1303 294 1366 De
311 1305 457 1366 Eiectis
476 1311 517 1363 et
533 1301 740 1363 Eiiciendis
753 1333 788 1344 -
809 1299 1003 1375 Fuqitivis
1018 1333 1055 1343 -
1068 1303 1107 1360 et
1118 1301 1313 1378 Apostatis

658 1463 899 1519 ——oee—

584 1637 590 1647 .
711 1679 747 1781 §⁸
779 1679 845 1757 w

662 1907 893 1988 Generatim

270 2140 373 2219 Curn
411 2138 461 2217 de
500 2135 686 2236 NovitiiS,
728 2137 940 2238 Professis,
983 2148 1021 2219 et
1062 2137 1368 2219 Saecularizetis

179 2265 271 2372 jum
298 2262 473 2369 plurimo
501 2263 750 2358 disserimus
780 2289 982 2370 perpouee
1010 2288 1118 2342 nuno
1151 2273 1370 2369 supersunt

184 2386 384 2486 addendo,
413 2412 540 2492 eoque
568 2386 733 2467 minime
760 2387 978 2492 spectantia
1007 2387 1057 2467 ad
1085 2386 1310 2492 Regulures
1328 2387 1369 2467 in

183 2510 361 2619 propriis
390 2511 583 2592 Claustris
612 2513 813 2615 degentes
844 2513 916 2593 sed
944 2513 994 2593 ed
1023 2539 1093 2593 eos
1127 2513 1271 2620 potine,
1302 2514 1370 2618 qui

184 2634 355 2716 mellent
383 2644 496 2716 extre
536 2635 763 2739 Religiosos
796 2637 944 2716 domus
984 2636 1149 2742 vegeri3
1191 2635 1370 2742 aliosque

183 2758 290 2858 illos
321 2759 392 2864 qui
420 2786 442 2838 e
473 2759 680 2856 Claustris,
709 2760 760 2839 ob
802 2766 957 2866 patrata
998 2760 1179 2858 erimine,
1210 2761 1372 2840 fuerunt

181 2882 409 2992 expulsi-
429 2882 470 2962 hi
488 2883 674 2964 dicuntur
691 2883 734 2962 F
733 2887 890 2988 upitioi,
910 2885 1148 2992 Apostutue,
1168 2893 1206 2964 et
1224 2885 1369 2991 Ejecti.

267 3009 457 3087 Primum
484 3015 639 3115 oportet
666 3008 706 3086 in
735 3035 777 3088 re
807 2994 999 3114 quaerere
1027 3037 1101 3090 eur
1128 3036 1225 3090 nem
1252 3009 1371 3089 nimis

180 3131 419 3213 redundans
456 3131 723 3236 Regulorium
737 3131 934 3212 numerus
961 3133 1002 3212 in
1017 3133 1249 3241 hujusmodi
1266 3141 1372 3214 stetu

181 3256 425 3352 invenietur,
455 3254 574 3336 veluti
602 3282 744 3337 erruns
771 3265 886 3337 extra
912 3257 1130 3339 Claustra?

268 3382 387 3461 Multi
415 3380 541 3460 multe
569 3379 716 3460 dieunt.
759 3380 995 3485 Theologus
1036 3382 1281 3462 Franciseus
1323 3383 1373 3462 de

182 3505 339 3586 Ribere
366 3506 407 3583 iu
440 3504 586 3584 Oseem
614 3506 710 3612 Cep.
742 3506 778 3584 2.
809 3532 848 3584 n.
881 3507 953 3585 101
987 3551 1039 3564 -
1059 3506 1246 3586 indicavit
1263 3507 1373 3612 longi

183 3628 384 3736 temporis
412 3655 511 3709 usus
544 3639 577 3707 «'
593 3629 747 3708 nullum
769 3656 859 3709 esse
877 3631 1101 3730 certiorem,
1123 3658 1169 3710 uo
1189 3659 1374 3738 proesen-

185 3786 207 3834 ((
242 3755 390 3836 tiorem
420 3754 696 3858 Religionibus
723 3754 870 3845 labem,
911 3780 1034 3860 quern
1060 3756 1373 3835 multitudinem.

187 3912 209 3958 ι(
242 3883 309 3960 Ae
338 3877 444 3958 uddit
473 3924 524 3935 -
553 3877 586 3957 si
616 3878 705 3983 quis
751 3885 863 3984 putet
894 3877 935 3956 in
979 3904 1129 3982 magna
1162 3879 1375 3958 hominurn

187 4035 209 4079 ((
242 4000 503 4081 miultitudiue
546 4001 909 4107 mortificationem
946 4009 982 4080 et
1010 4002 1293 4099 humilitatem,
1339 4010 1376 4082 et

189 4158 211 4205 ((
234 4152 386 4234 pacem
411 4124 749 4231 concordiamque
771 4127 1005 4204 animarum
1020 4127 1376 4232 conserueriposse

185 4281 208 4328 «
242 4249 337 4347 diu;
368 4249 407 4329 id
436 4255 561 4355 putet,
591 4248 699 4356 quod
724 4276 847 4354 neque
878 4251 921 4328 iu
962 4249 1068 4328 hune
1112 4249 1220 4328 diem
1250 4277 1373 4354 usque

186 4405 209 4453 ((
238 4375 501 4478 factumest,
532 4399 656 4480 neque
673 4372 764 4478 fiet.
794 4373 934 4472 Peuci,
956 4373 1023 4479 qui
1043 4373 1206 4480 perfecti
1227 4381 1374 4471 essent,

186 4529 210 4579 ((
244 4505 317 4579 eut
346 4498 413 4605 qui
443 4525 494 4578 ex
522 4497 658 4578 animo
705 4498 754 4577 od
792 4497 1077 4603 perfectionem
1114 4507 1377 4604 properarent

1267 4661 1291 4700 18
