3550 5434
743 635 906 688 -219-

240 813 452 895 «Ordinis
482 814 530 893 ad
560 813 850 893 correctionem
879 812 1146 918 praescriptas
1181 813 1415 919 promereri,

239 968 259 1016 u
287 936 460 1017 Praelati
490 936 654 1018 alterius
681 935 904 1040 Religionis
932 945 1113 1034 renuant,
1145 961 1215 1014 eos
1244 934 1416 1041 propriis

239 1093 258 1136 «
289 1061 573 1168 Superioribus
603 1060 821 1157 restituere,
838 1060 900 1139 vel
920 1059 995 1167 ipsi
1014 1057 1241 1164 Regulares
1261 1060 1311 1139 ad
1326 1084 1417 1165 pro-

240 1219 260 1263 «
288 1184 397 1292 prias
424 1185 652 1291 Religiosas
680 1186 825 1265 domos
858 1185 987 1264 redire
1006 1192 1204 1282 recusent,
1226 1191 1418 1289 utrosque

241 1340 261 1386 «
291 1310 341 1390 ad
368 1310 495 1390 instar
522 1315 766 1416 Apostatum
798 1309 857 1388 vel
886 1315 1106 1415 Apostatas
1144 1307 1418 1413 recipientium

241 1463 262 1511 v
291 1435 332 1513 in
360 1435 820 1516 excommunicationem
857 1436 1030 1514 Summo
1070 1433 1254 1512 Pontifici
1294 1459 1418 1512 reser-

242 1569 425 1640 «vatam
454 1560 641 1640 incursos
669 1559 884 1640 declaravit
913 1587 949 1639 u.

319 1685 528 1786 Invigilent
561 1685 679 1790 igitur
716 1683 874 1790 utrique
916 1682 1177 1788 Superiores3
1220 1680 1420 1787 inquirant

245 1809 553 1915 Consupicntee;
600 1837 693 1889 cum
736 1809 799 1888 bis
841 1816 964 1912 agant
991 1808 1041 1887 ad
1079 1807 1258 1887 tramites
1295 1804 1418 1912 juris;

239 1944 375 2014 tamen
403 1934 687 2034 misericordia,
717 1943 755 2013 et
773 1932 1042 2028 humanitate3
1076 1932 1128 2010 ita
1166 1939 1208 2011 ut
1250 1930 1324 2036 ipsi
1366 1929 1420 2007 in-

241 2057 442 2162 dulgentia
471 2059 580 2156 moti,
610 2057 763 2136 facilius
792 2056 842 2136 ab
872 2056 1054 2161 incoepto
1084 2053 1340 2160 resipiscant:
1371 2054 1420 2132 ad

241 2182 414 2263 debitam
429 2182 694 2262 reverentiam
709 2190 746 2260 et
766 2180 1005 2286 obsequium
1021 2179 1201 2275 redeant;
1231 2179 1280 2258 ad
1310 2178 1422 2258 disci-

239 2308 371 2415 plinae
399 2307 695 2388 observantiam
726 2314 984 2404 revertantur,
1025 2304 1258 2409 exemplum
1292 2301 1422 2383 docili-

241 2432 332 2512 tatis
358 2432 568 2512 Fratribus
601 2430 848 2526 exhibentes
878 2430 919 2508 in
940 2429 1093 2508 bonum
1113 2427 1328 2532 religionis
1350 2431 1422 2509 Ec-

243 2558 399 2658 clesiae,
430 2565 467 2636 et
494 2556 701 2638 Societatis
729 2603 782 2614 -
809 2554 928 2635 Faxit
955 2554 1171 2634 Dominus.

324 2739 373 2827 Et
401 2735 501 2816 baec
528 2734 738 2830 sufficiant,
768 2741 811 2812 ut
838 2759 930 2812 meo
959 2731 1165 2838 proposito
1194 2731 1343 2810 factum
1373 2729 1423 2809 sit

244 2860 354 2940 satis.
382 2861 569 2940 Pruoeim
595 2857 926 2962 Congregationis
955 2855 1241 2962 compendiose
1265 2853 1421 2958 redegi3

245 2985 409 3092 ejusque
427 2983 578 3090 Effutu
595 2983 826 3087 (Maesone)
848 2979 1069 3085 generatim
1089 2978 1235 3060 notavi.
1266 2978 1309 3058 Si
1329 2977 1423 3084 quid

246 3109 399 3188 bonum
426 3107 467 3186 in
495 3107 558 3186 bis
599 3106 789 3186 omnibus
817 3104 1052 3202 inveniatur,
1083 3103 1133 3182 sit
1170 3104 1257 3183 Deo
1294 3103 1424 3182 honor

246 3241 285 3311 et
310 3235 471 3338 pbrr'u:
500 3231 562 3310 sin
591 3231 726 3310 minus
754 3238 920 3322 rectum,
946 3228 1094 3336 judicio
1132 3225 1349 3324 Ecclesiae,
1386 3234 1424 3304 et

246 3357 422 3437 Romani
464 3354 682 3452 Pontinas,
722 3354 817 3433 mihi
855 3382 907 3434 ex
943 3354 1099 3432 calamo
1138 3351 1340 3447 exciderit,
1382 3351 1423 3428 in

247 3509 380 3586 genua
420 3481 619 3561 humiliter
661 3480 908 3586 provolutus
951 3506 1021 3558 ore
1063 3489 1099 3558 et
1141 3479 1262 3557 corde
1307 3479 1423 3584 cupio

248 3607 461 3686 emendare
489 3605 597 3712 qrrod
619 3607 715 3706 l'cci.

462 3840 678 3918 Derrima
706 3838 998 3924 Inuaoumrar.
1025 3859 1086 3915 err
1115 3837 1239 3915 Laus
