3550 5434
578 1027 723 1096 LIBER
747 1029 994 1102 SECUNDUS

408 1219 550 1269 ’ΒΕ
603 1223 1140 1310 ΡΒΟΞΕΕΒῙΕ

726 1385 833 1442 ψ

649 1600 764 1668 Ouror
786 1624 920 1672 ramme

573 1809 627 1872 De
657 1811 997 1877 Profeasione.

663 1993 906 2052 -ω-

720 2194 756 2298 a
787 2197 855 2278 ν’
992 2314 996 2322 ,

317 2431 427 2520 Quid
450 2437 664 2544 Prosesaio
692 2444 918 2550 Relipioso,
947 2452 986 2525 et
1011 2446 1254 2554 quotupleoo?

274 2665 488 2749 Neminem
507 2670 599 2752 latet
617 2673 657 2754 in
675 2675 816 2781 primis
835 2675 931 2757 illud
951 2677 1135 2757 allatum:
1154 2677 1368 2778 Profectio

185 2793 358 2896 repletae
373 2795 491 2899 socit
517 2799 693 2905 aliquem
721 2801 981 2906 Repulorcm.
1020 2803 1133 2884 Haeo
1170 2803 1367 2908 professio

185 2925 276 2995 erat
303 2916 367 2997 vel
395 2923 526 3001 tacito
552 2922 615 3002 vel
657 2952 876 3034 copresso:
899 2928 1044 3034 primo
1071 2926 1288 3007 emebatur
1315 2954 1367 3009 ex

187 3044 413 3147 perspicuis
450 3047 648 3156 certisque
685 3049 857 3150 indiciis;
894 3052 1071 3133 secunda
1099 3078 1195 3132 vero
1224 3078 1277 3134 ex
1309 3078 1369 3133 eo·

187 3169 314 3247 lemni
341 3178 437 3251 octo
463 3198 544 3280 quo
581 3175 683 3281 quia,
713 3178 764 3257 ad
799 3176 973 3256 formam
1009 3176 1129 3284 juris,
1158 3175 1370 3285 sponderet

187 3291 404 3400 probatam
427 3295 673 3406 electamque
714 3299 961 3405 religionem,
1001 3301 1167 3409 ejusque
1204 3299 1365 3406 regulas

187 3430 437 3503 servaturus,

270 3547 402 3629 Hodie
416 3547 659 3656 loquendum
678 3576 759 3630 non
780 3557 840 3629 est
859 3551 909 3631 de
927 3552 1064 3648 tacito,
1081 3548 1175 3658 quia
1195 3548 1294 3629 Pius
1308 3547 1369 3629 lX

191 3675 287 3754 «12
314 3673 421 3755 Junii
450 3674 594 3755 1858»
626 3675 666 3753 in
704 3673 1037 3756 declarationibus
1074 3700 1198 3780 super
1233 3672 1369 3779 Enop-

187 3800 295 3880 elicis
321 3799 496 3896 Litteris,
526 3798 601 3879 diei
632 3799 681 3879 19
714 3798 847 3880 Martii
877 3799 992 3880 1857.
1024 3803 1110 3878 Art.
1140 3798 1212 3878 XI.
1250 3798 1367 3877 noluit

186 3929 300 4007 illam
327 3931 482 4008 omnino
511 3930 768 4034 abrogatam:
797 3928 889 4008 hinc
917 3936 1074 4008 tantum
1093 3927 1141 4006 do
1170 3953 1367 4036 conpresso

185 4055 303 4135 haeic
331 4081 561 4136 sermonem
589 4053 798 4152 habemus
827 4061 865 4134 ct
894 4054 1115 4134 dummodo
1144 4052 1195 4134 sit
1222 4051 1363 4152 valida,

186 4209 237 4262 ac
257 4180 308 4262 ad
321 4181 498 4262 tramites
517 4180 852 4263 Constitutionum
870 4178 1212 4286 Apostolicarum‚
1232 4185 1269 4257 et
1289 4178 1361 4258 Or-

186 4308 330 4387 dinum
358 4316 528 4413 peracta.

270 4431 483 4512 Diuiditur
514 4432 728 4539 Proseasio
758 4434 801 4512 in
827 4431 1048 4538 simplicem
1077 4436 1115 4509 et
1140 4429 1365 4510 solemnem-
