3550 5434
677 617 821 674 ..51-

159 800 231 908 ipsi
251 828 302 880 ex
329 797 572 880 conscientia
601 799 804 878 affirmare
825 825 947 905 posse
975 798 1016 877 in
1044 797 1226 895 Domino
1242 797 1342 904 judi-

161 926 351 1005 caverint.
725 1017 732 1028 1

264 1053 327 1130 ΙΙΙ.
357 1048 557 1130 Omnibus
586 1055 623 1127 et
650 1048 818 1152 singulis
855 1049 1140 1155 Superioribus
1185 1049 1341 1153 regula-

155 1173 287 1271 ribus3
317 1173 482 1279 aliisque
525 1171 752 1276 Religiosis,
797 1172 846 1252 ad
875 1199 979 1279 quos
1025 1179 1188 1280 spectat,
1228 1166 1338 1280 cuju-

157 1325 350 1406 scumque
378 1299 527 1403 gradus
555 1297 645 1396 sint,
676 1305 713 1376 et
741 1296 907 1379 instituti
950 1297 1040 1378 licet
1083 1299 1273 1405 exempti,
1303 1309 1341 1380 et

157 1422 388 1528 privilegiati
417 1449 463 1501 ac
492 1423 539 1502 de
569 1421 803 1503 necessitate
832 1423 1097 1529 exprimendi,
1137 1423 1257 1502 etiam
1299 1424 1341 1504 in

156 1547 296 1626 virtute
324 1555 486 1626 sanctae
505 1547 749 1627 obedientiae
770 1546 887 1653 hujus
907 1548 1053 1627 decreti
1076 1545 1340 1630 observantia

157 1673 331 1755 districte
358 1672 612 1780 praecipitur:
643 1681 680 1752 et
708 1671 775 1780 qui
805 1680 944 1753 contra
974 1673 1096 1780 hujus
1124 1673 1270 1753 decreti
1288 1683 1341 1754 te·

155 1824 300 1878 norem
327 1797 502 1903 aliquem
546 1797 595 1876 ad
633 1797 814 1876 habitum
856 1795 1096 1902 religiosum
1137 1799 1339 1904 receperit,

155 1949 329 2030 poenam
367 1920 599 2028 privationis
642 1922 823 2001 omniurn
870 1921 1112 2018 officiorum,
1149 1924 1341 2031 vocisque

155 2047 319 2144 activae,
349 2055 386 2125 et
403 2054 617 2153 perpetuae
633 2045 889 2126 inhabilitatis
910 2048 959 2126 ad
982 2047 1060 2126 alia
1077 2047 1340 2154 imposterum

155 2171 373 2252 obtinenda
401 2197 449 2250 eo
479 2169 567 2276 ipso
596 2170 785 2268 incurrat,
816 2197 840 2250 a
868 2199 949 2278 qua
978 2172 1140 2251 nonnisi
1160 2170 1210 2251 ab
1230 2177 1342 2279 Apo-

155 2295 299 2375 stolica
327 2295 432 2376 Sede
460 2294 602 2402 poterit
630 2293 867 2402 dispensari.

265 2421 332 2499 IV.
349 2421 401 2498 Vi
420 2420 712 2526 cujuscumque
731 2419 937 2526 privilegii,
959 2420 1170 2520 facultatis
1187 2421 1338 2518 indulti,

153 2543 480 2651 dispensationis,
513 2543 813 2649 approbationis
843 2546 1087 2649 regularum,
1118 2553 1155 2624 et
1192 2545 1340 2624 consti-

155 2669 356 2748 tutionum
383 2667 502 2748 etiam
532 2667 571 2746 in
600 2669 729 2748 l'orma
758 2669 955 2774 specifica,
987 2696 1109 2776 quam
1147 2670 1198 2747 ab
1227 2673 1339 2776 Apo-

153 2792 297 2874 stolica
324 2793 427 2873 Sede
455 2791 598 2899 aliquis
627 2792 749 2889 ordo,
781 2791 1020 2892 Institutum,
1036 2794 1241 2900 Superior,
1262 2796 1340 2873 Re-

152 2915 325 3022 ligiosus
349 2925 671 3024 consequeretur,
703 2943 928 3024 numquam
957 2916 1239 3031 huicdecreto
1273 2919 1341 2998 de·

152 3050 343 3146 rogatum
358 3067 449 3120 esse
464 3049 685 3138 censeatur,
698 3041 772 3121 nisi
788 3041 822 3120 ei
842 3069 1038 3148 expresse
1054 3051 1091 3122 et
1103 3043 1339 3123 nominatim

153 3167 383 3268 derogetur,
399 3164 489 3246 licet
502 3165 542 3243 in
557 3165 821 3246 concessione
837 3166 1116 3270 derogatoriae
1132 3169 1339 3272 generales

152 3289 429 3396 quamtumvis
458 3289 616 3396 amplae
645 3302 907 3397 apponantur.
942 3294 1058 3388 Quod
1088 3292 1122 3371 si
1142 3292 1256 3372 alicui
1276 3295 1339 3371 ln-

149 3415 292 3494 stituto
333 3441 537 3521 expresse,
581 3423 618 3494 et
661 3415 898 3496 nominatim
940 3417 1182 3523 dispensatio
1217 3444 1338 3524 super

152 3539 302 3618 eodem
330 3539 487 3620 decreto
530 3539 742 3646 aliquando
788 3541 955 3620 concedi
993 3542 1212 3647 contigerit,
1251 3541 1339 3622 aliis

151 3661 324 3741 minime
352 3663 508 3742 extendi
538 3664 679 3769 poterit
706 3665 744 3742 vi
764 3665 1053 3772 cujuscumque
1074 3666 1278 3772 privilegii,
1300 3675 1337 3746 et

152 3787 532 3867 communicationis
561 3788 873 3895 privilegiorum.

238 3911 290 3990 V.
319 3911 504 4008 Quolibet
532 3940 637 3992 anno
667 3913 728 3993 die
758 3914 888 4020 prima
916 3915 1094 3996 Januarii
1114 3916 1154 3994 in
1178 3915 1336 4021 publica

147 4061 298 4115 mensa
324 4035 402 4114 hoc
431 4036 634 4116 decretum
662 4037 816 4142 legatur
844 4038 921 4118 sub
951 4066 1081 4145 poena
1101 4040 1332 4146 privationis

148 4160 287 4260 officii,
316 4187 363 4242 ac
391 4161 502 4240 vocis
530 4161 680 4241 activae
708 4171 746 4242 et
773 4163 970 4268 passivae,
1001 4191 1024 4243 a
1048 4164 1330 4269 Superioribus

150 4287 244 4392 ipso
274 4288 376 4365 facto
406 4285 657 4367 incurrendo.

234 4405 297 4484 Ne
326 4423 459 4486 autern
486 4406 606 4512 hujus
635 4407 780 4486 decreti
809 4407 1065 4488 observantia
1108 4408 1239 4516 aliqua
1268 4436 1329 4488 ra-

147 4531 272 4628 tione,
315 4530 436 4630 titulo,
479 4537 687 4638 praetextu
730 4533 977 4638 impediatur,
1020 4535 1218 4614 Sanctitas
1245 4536 1329 4615 Sua
