3550 5434
756 572 899 625 -21-

242 752 377 831 aliisve
396 750 720 856 quibuscumque
739 748 1044 828 obventionibus
1064 750 1103 827 in
1123 775 1350 847 commune,
1374 756 1416 828 ut

241 876 472 983 praefentur,
502 874 765 973 conferendis
797 874 1010 953 commode
1037 874 1164 980 possit
1183 874 1413 955 sustentari:

240 1004 416 1084 redditus
434 1029 539 1099 vero,
557 1009 594 1080 et
609 1000 836 1107 supradicta
851 999 986 1079 omnia
1003 998 1042 1078 iu
1062 999 1268 1079 communi
1288 1002 1413 1097 Loca,

241 1154 288 1205 aa
316 1135 396 1206 tute
425 1126 631 1231 diligentes·
661 1133 932 1203 asserventur.

321 1253 367 1331 Ρ.
383 1251 420 1329 8.
441 1296 493 1305 -
512 1249 797 1356 Supouioribus
813 1257 959 1345 autern,
977 1274 1051 1327 neo
1072 1248 1236 1329 Concilii
1252 1248 1415 1329 Triden-

241 1376 320 1473 tini,
351 1384 418 1455 aut
446 1374 547 1455 haec
576 1384 714 1453 nostra
743 1374 901 1453 decreta
920 1373 1133 1472 declarare,
1156 1374 1413 1479 interpretati,

243 1509 309 1579 aut
336 1499 517 1579 relaxate
536 1498 617 1579 ullo
638 1498 759 1577 modo
782 1496 920 1604 possit,
942 1497 1106 1576 omnino
1128 1496 1413 1591 interdicimus,

243 1638 280 1706 et
321 1627 593 1732 probibemus
638 1628 909 1705 Decennentes
950 1623 1108 1703 initum
1141 1632 1212 1702 eto.
1255 1624 1415 1729 Siquis

243 1761 375 1831 autern
415 1758 550 1829 contra
589 1748 904 1856 praesumpserit
942 1756 1144 1849 attentare,
1179 1749 1213 1828 is
1251 1775 1298 1827 eo
1328 1748 1414 1855 ipso
1455 1784 1460 1795 ¹

243 1874 351 1954 omni
380 1876 519 1977 gradu,
551 1873 762 1979 offioioque
790 1872 982 1978 privatus
1005 1885 1042 1953 et
1070 1875 1119 1953 ad
1149 1900 1196 1953 ea
1224 1882 1415 1979 perpetuo

144 1978 149 1989 ¹
243 1997 427 2079 inhabilis·
456 2000 610 2079 existat.

321 2124 368 2203 P.
389 2124 426 2203 9.
458 2172 507 2183 -
537 2123 694 2222 Nullus,
725 2125 802 2203 nisi
831 2135 918 2204 actu
949 2122 1065 2227 legat,
1104 2124 1164 2202 vel
1203 2124 1413 2230 praedicet,

243 2247 374 2353 aliquo
403 2249 465 2327 sui
494 2248 643 2353 gradus
672 2248 875 2355 privilegio
904 2250 1086 2352 gaudeat.

322 2373 368 2451 P.
387 2374 447 2452 10.
477 2374 518 2453 Si
547 2372 662 2453 alioui
678 2401 728 2451 ex
744 2374 970 2452 necessaria
985 2400 1119 2470 eausa,
1136 2371 1342 2452 Generalis
1358 2372 1416 2478 ju·

243 2497 343 2576 dioio
373 2497 591 2603 piaibanda,
635 2498 769 2578 socius
798 2526 849 2577 ex
892 2499 1033 2578 eodeni
1064 2497 1223 2595 Ordine,
1267 2497 1332 2603 qui
1362 2497 1413 2575 illi

242 2621 444 2705 ministret.
466 2622 744 2702 concedendus
766 2624 848 2718 enit,
869 2623 903 2701 is
932 2623 1006 2701 nisi
1042 2621 1281 2725 vigesimum
1302 2621 1416 2727 quin-

243 2756 327 2824 tum
357 2758 447 2849 agat
476 2774 640 2841 annum,
671 2755 708 2825 el
741 2748 806 2853 qui
837 2747 1042 2827 oonnnuni
1081 2746 1240 2826 servitio
1269 2746 1319 2825 sit
1348 2748 1416 2826 de-

243 2879 414 2975 putatus,
445 2898 526 2950 non
555 2874 808 2972 oonoedatun,
838 2882 876 2951 ot
912 2872 945 2952 si
975 2872 1188 2951 commode
1229 2871 1315 2949 fiet-i
1344 2898 1415 2977 po-

242 3003 327 3093 test,
358 2994 407 3073 sit
435 2996 582 3075 Laiuus
611 2998 852 3077 Conversus

323 3121 369 3199 P.
389 3122 449 3199 11.
468 3120 574 3201 -Ut
591 3120 724 3199 omnis
741 3121 1036 3219 scandalorum,
1059 3130 1096 3200 et
1114 3122 1336 3226 nugationis
1352 3148 1413 3201 oe-

244 3243 351 3323 oasio
380 3244 550 3340 tollatur,
580 3246 810 3325 Conventus
839 3245 1034 3325 Clausala
1063 3256 1265 3352 perpetue,
1287 3274 1334 3326 ao
1362 3247 1415 3326 di-

243 3368 408 3474 ligenter
436 3378 637 3466 servotum
667 3396 713 3448 ao
742 3379 993 3476 proptereaa
1026 3370 1241 3477 Superiore
1269 3370 1416 3459 Ianitor

245 3496 516 3593 constituatur,
552 3495 617 3601 qui
661 3494 871 3599 diligentia,
902 3522 949 3574 ao
991 3522 1153 3575 [nonum
1195 3495 1415 3600 integritate

243 3620 419 3700 maximo
449 3619 772 3717 commendetur3
789 3620 823 3698 is
834 3620 981 3726 januae
1001 3621 1286 3701 custodiendae
1307 3649 1414 3700 sein-

243 3770 313 3850 peu
342 3744 513 3843 assistat,
544 3770 713 3849 eamque
742 3744 891 3823 nemini
929 3748 1116 3824 Fratrum
1147 3746 1309 3852 aperiat,
1338 3746 1413 3825 nisi

242 3870 398 3951 socium
427 3878 465 3949 et
493 3870 663 3949 exeundi
693 3870 911 3950 Licentiani
941 3870 1163 3949 obtinuerit.

321 3998 367 4074 P.
388 3995 448 4075 12.
480 4042 528 4053 -
559 3990 704 4075 Nullus
724 4022 746 4074 e
765 3998 971 4076 Conventa
1001 3996 1135 4099 egredi
1164 3997 1318 4093 audeat,
1339 3995 1415 4074 nisi

244 4146 449 4214 excausa,
471 4128 620 4198 etcum
650 4119 771 4216 socie,
793 4120 1050 4225 Liuentiaque
1073 4120 1241 4224 singulis
1261 4119 1415 4199 vioibus

243 4244 462 4348 impetrata,
493 4269 540 4323 ao
569 4242 849 4323 Benedictione
878 4252 1040 4349 accepta
1059 4270 1083 4323 a
1101 4244 1326 4350 Superiore,
1348 4244 1415 4349 qui

243 4394 324 4446 non
353 4368 464 4447 aliter
506 4394 596 4447 eam
639 4368 841 4463 concedat,
872 4368 948 4446 nisi
986 4396 1109 4452 eausa
1146 4368 1324 4475 probatu,
1354 4394 1416 4446 so-

243 4491 427 4598 ciumque
457 4492 611 4571 exituro
641 4492 841 4599 adjungat,
871 4518 952 4571 non
973 4494 1138 4598 petentis
1168 4503 1322 4597 rogatu,
1343 4494 1414 4572 sed
