3550 5434
711 589 873 643 -145-

207 797 288 878 quo
316 795 449 849 sermo
469 774 539 867 est,
574 769 667 848 «ita
695 776 829 848 tamen
849 776 892 848 ut
913 769 1144 876 hujusmodi
1164 772 1381 878 acceptatio

209 927 229 976 «
261 897 329 976 liat
354 922 424 1002 per
460 892 680 1000 Syndicum
717 894 1012 1001 Apostolicum,
1052 904 1120 975 aut
1156 923 1228 1002 per
1260 895 1381 976 aliam

209 1052 229 1098 «
263 1019 531 1126 interpositam
560 1043 792 1124 personam:
814 1042 962 1100 urruno
980 1044 1183 1114 secanam
1211 1047 1301 1101 sors
1331 1021 1382 1125 (si

208 1173 229 1220 «
261 1152 400 1247 agatur
428 1143 477 1223 de
505 1157 713 1222 numerata
741 1143 924 1248 pecunia)
954 1144 1098 1226 intuto
1126 1171 1174 1224 ac
1200 1144 1304 1223 licito
1323 1145 1383 1223 in-

208 1300 229 1348 «
259 1268 495 1347 vestimento
515 1265 746 1363 collocetur,
778 1267 931 1347 fructus
949 1268 1042 1348 inde
1061 1268 1318 1348 obvenientes
1341 1269 1382 1347 in

206 1422 228 1470 «
260 1419 425 1472 causam
454 1417 691 1497 expressam
720 1402 935 1495 erogentur
942 1418 952 1488 3
982 1392 1031 1473 de
1051 1393 1222 1499 acceptis
1252 1401 1289 1472 et
1317 1421 1382 1474 ex-

206 1547 228 1594 «
258 1515 405 1624 pensiS,
435 1517 545 1614 ratio,
575 1515 638 1594 cui
657 1516 707 1595 de
721 1515 821 1622 jure,
837 1516 1004 1598 fideliter
1017 1517 1217 1616 reddatur,
1249 1525 1286 1598 et
1303 1545 1383 1598 ser·

207 1671 228 1720 «
259 1649 401 1720 ventur
427 1641 470 1719 in
498 1639 660 1747 reliquis
689 1642 737 1720 de
761 1641 850 1748 jure
879 1641 1079 1721 servanda
1108 1671 1143 1721 u.

286 1767 377 1845 Hoc
391 1773 525 1846 autem
540 1765 701 1869 speciali
715 1766 961 1870 indulgentia
971 1793 982 1864 ;
1002 1794 1179 1874 namque
1197 1770 1242 1848 B.
1260 1772 1383 1849 Fran-

202 1889 340 1969 ciscus
381 1889 578 1969 Assisien.
618 1890 783 1970 omnino
819 1891 1022 1997 prohibuit
1054 1896 1140 1972 suis
1182 1893 1381 1988 fratribus

201 2041 280 2120 pro
309 2014 576 2120 eleemosyna,
606 2022 817 2122 acceptare
846 2020 1059 2124 pecuniam
1089 2043 1112 2095 a
1140 2016 1384 2098 Christifide·

201 2137 304 2224 lium
333 2137 518 2236 oblatam,
549 2141 620 2220 sed
649 2147 802 2220 tantum
824 2141 1024 2220 concessit
1045 2167 1197 2246 qeneru
1215 2143 1384 2221 elimen-

203 2265 318 2342 tariu
344 2263 384 2343 in
413 2291 487 2344 sua
516 2272 669 2345 natura.
709 2264 984 2345 Nihilominus
1018 2273 1146 2346 tractu
1174 2267 1379 2373 temporie,

202 2389 393 2494 quamvis
416 2383 495 2496 jus'
510 2389 564 2468 ita
592 2390 849 2472 constitutum
877 2391 918 2469 in
938 2417 1014 2470 suo
1032 2390 1179 2470 robore
1197 2418 1384 2497 perman-

203 2513 315 2612 serit,
331 2539 466 2593 rerum
496 2513 690 2620 adjunctis
705 2514 950 2623 ubicumque
973 2514 1150 2614 mutatis,
1177 2541 1280 2621 opus
1313 2517 1383 2596 luit

203 2636 424 2740 Religiosis
454 2638 615 2719 Ordinis
645 2639 960 2719 Mendicantium
975 2641 1196 2747 pecuniam
1222 2666 1382 2746 quoque

203 2761 392 2868 excipere
424 2761 464 2841 in
500 2762 766 2843 oblationibus
803 2763 1034 2843 exhibitam.
1076 2761 1195 2844 Unde
1232 2763 1382 2842 factum

204 2893 269 2965 est
298 2886 403 2992 quod
422 2886 694 2968 Provinciales
715 2887 949 2995 plerumque
969 2889 1049 2968 aS.
1066 2887 1383 2992 Congregatione

202 3011 406 3091 licentiam
442 3012 705 3118 respectivam
743 3012 964 3093 humillime
1000 3012 1226 3118 implorant,
1260 3040 1383 3120 quam

201 3136 296 3242 ipsa
325 3135 503 3217 concedit
531 3137 579 3216 ad
609 3135 917 3243 quinquennium
947 3167 968 3215 «
999 3164 1046 3217 ea
1074 3163 1268 3243 expressa
1295 3137 1383 3240 lege

205 3291 231 3336 «
262 3267 301 3339 et
328 3259 561 3358 conditione,
584 3271 625 3341 ut
644 3289 667 3340 a
685 3263 732 3340 P.
762 3262 991 3342 Guardiano
1011 3288 1084 3369 pro
1112 3269 1292 3369 tempore
1320 3265 1384 3344 de-

206 3415 232 3462 «
262 3392 448 3490 putentur
466 3384 580 3490 probi
597 3385 802 3490 Religiosi,
835 3386 904 3493 qui
922 3384 1174 3492 pecuniarias
1197 3387 1384 3490 colligant

205 3541 231 3588 «
252 3508 550 3616 eleemosynas3
571 3538 720 3618 easque
739 3510 926 3590 collectas
946 3511 1245 3619 quamprimum
1260 3539 1383 3618 penes

206 3669 232 3714 «
260 3633 480 3740 Syndicum
507 3636 786 3742 Apostolicum
814 3637 876 3716 vel
896 3635 981 3742 ejus
996 3636 1252 3717 substitutum
1268 3637 1385 3742 depo

205 3795 230 3840 «
260 3772 370 3858 nant,
391 3787 514 3841 causa
542 3761 734 3865 erogandi
762 3759 849 3840 illas
870 3769 1030 3867 propter
1050 3763 1279 3841 Conventus
1308 3764 1384 3840 Re-

205 3921 230 3966 «
259 3886 576 3993 ligiosorumque
595 3887 873 3981 necessitates;
903 3913 1025 3992 super
1044 3886 1189 3994 quibus
1218 3895 1381 3965 onerata

202 4045 226 4090 «
261 4012 407 4092 existat
433 4011 620 4092 enuntiati
649 4012 693 4090 P.
726 4011 941 4092 Guardiani
968 4009 1210 4091 conscientia
1240 4039 1275 4088 n.

288 4138 377 4232 Quo
404 4145 583 4243 tempore
612 4147 744 4216 autem
773 4137 910 4242 elapso
939 4144 1179 4242 prorogatur
1216 4134 1384 4215 lacultas

194 4264 253 4346 ad
286 4260 392 4340 aliud
421 4263 745 4370 quinquennium,
774 4269 937 4340 serente
966 4262 1010 4338 in
1036 4260 1218 4340 omnihus
1234 4261 1385 4362 formu

192 4392 420 4470 anteactae
439 4387 606 4492 primae
634 4385 910 4464 concessionis.
1148 4485 1151 4493 Ι

285 4508 392 4606 Quid
424 4509 458 4589 si
500 4508 756 4614 eleemosyna
784 4515 844 4587 est
872 4507 1100 4613 quaerenda
1127 4518 1167 4586 ln
1205 4507 1383 4612 ejusdem

1279 4669 1306 4708 10
