3550 5434
934 537 1077 594 ..66-

419 724 523 796 stetu
550 717 825 820 Regulerium‚
855 716 1046 796 nonnulla
1075 716 1151 796 hnc
1179 741 1301 823 super
1327 742 1372 794 re
1390 715 1593 794 mandevi-

419 869 512 921 rnus
541 841 602 923 edi
631 843 800 939 decreta,
816 843 917 922 inter
944 841 1154 950 quneillud
1170 840 1405 948 praesertim
1425 839 1464 918 in
1485 867 1595 947 prae-

419 993 513 1046 sens
541 968 946 1047 commemorandum
974 974 1045 1063 est,
1076 967 1182 1072 qnod
1212 993 1281 1072 per
1309 964 1459 1044 litteras
1477 992 1593 1070 ency-

418 1090 538 1170 clicas
567 1090 629 1171 die
657 1089 777 1171 XIX.
806 1090 940 1170 Martii
968 1091 1432 1172 MDCCCLV11.aVen.
1453 1091 1594 1168 Fratre

417 1220 469 1295 A.
506 1214 820 1322 Archiepiscopo
855 1215 1102 1323 Philippensi
1140 1224 1386 1295 memoratae
1422 1215 1595 1294 Nostrae

418 1339 750 1444 Congregolionis
777 1339 999 1421 Secreterio
1028 1339 1219 1444 signatas
1249 1338 1494 1445 publicatum
1519 1347 1592 1418 est.

418 1465 461 1543 ln
491 1464 678 1569 praelatis
707 1471 839 1543 autern
877 1463 1035 1544 Litteris
1078 1463 1188 1563 haec,
1217 1489 1320 1570 quoe
1357 1469 1591 1569 sequuntur,

418 1589 550 1695 quood
577 1587 787 1693 religiosos
816 1587 995 1668 virorum
1029 1589 1213 1686 OrdineS,
1252 1614 1299 1668 ae
1335 1588 1514 1667 institute
1541 1615 1594 1667 ex

417 1713 567 1792 Nostro
598 1739 791 1820 expresso
820 1715 1021 1812 mandata,
1052 1721 1089 1792 et
1115 1713 1346 1819 Apostolien
1361 1712 1594 1792 anctoritate

417 1837 569 1918 sancito
598 1839 717 1936 inere,
752 1837 901 1919 scilicet
931 1866 951 1915 «
980 1839 1164 1917 Peracta
1196 1839 1434 1946 probatione
1462 1845 1498 1916 et
1527 1863 1593 1916 nn·

417 1960 555 2041 citiata
583 1961 641 2040 ad
660 1966 957 2070 praescriptam
985 1963 1027 2041 S.
1055 1962 1219 2041 Concilii
1238 1960 1473 2061 Tridentini,
1494 1961 1592 2041 Con·

415 2085 661 2167 stitatz'onam
688 2087 1029 2194 Apostolicaram,
1060 2094 1097 2165 et
1123 2095 1366 2166 statatoram
1393 2086 1551 2166 ordinis
1566 2115 1594 2164 a

416 2207 457 2286 S.
488 2205 591 2286 Sede
606 2205 938 2314 adprobatornm,
954 2207 1088 2286 nocitii
1100 2213 1190 2286 nota
1205 2206 1398 2315 simplicia
1412 2210 1592 2287 emittant

408 2335 623 2439 postqnam
663 2331 906 2435 emplenerint
947 2340 1121 2410 aetatem
1156 2357 1355 2411 annornm
1390 2331 1593 2411 seacdecim

416 2454 631 2534 abeodem
664 2455 893 2536 Tridentino
929 2456 1102 2536 Concilio
1138 2465 1347 2550 statatam,
1378 2458 1436 2536 nel
1466 2457 1524 2535 ali

415 2580 612 2685 majorem
640 2608 743 2687 qaae
758 2582 917 2686 forsan
945 2610 973 2660 a
998 2583 1157 2661 statatis
1180 2582 1342 2689 proprii
1372 2581 1535 2660 Ordinis
1562 2611 1591 2661 a

416 2705 458 2785 S.
489 2705 590 2784 Sede
619 2705 853 2813 approbatis
882 2707 1131 2812 reqairatar‚
1171 2711 1209 2785 et
1236 2705 1372 2813 qaoad
1406 2706 1527 2785 laicos
1554 2711 1593 2784 et

416 2855 621 2911 concersos
644 2839 857 2938 postquam
894 2830 952 2909 ad
985 2857 1076 2910 earn
1111 2833 1366 2936 pernenerint
1404 2839 1592 2928 aetatem,

415 2981 518 3062 qaae
548 2956 584 3033 in
610 2954 896 3034 Constitatione
919 2955 1127 3034 Clementis
1152 2953 1267 3050 VIII,
1283 2955 1485 3062 incipiente
1509 2986 1529 3029 c
1547 2955 1595 3034 In

415 3082 615 3185 Supremo
646 3107 665 3156 »
695 3079 914 3186 praefinita
942 3088 1010 3158 cst.
1040 3079 1229 3184 Professi
1249 3083 1338 3186 post
1378 3080 1594 3158 trienninm

415 3231 444 3283 a
471 3203 543 3303 die,
573 3230 649 3311 qao
682 3209 772 3285 cota
808 3205 1004 3311 simplicia
1045 3207 1243 3283 emiserint
1273 3204 1592 3314 compntandum,

415 3331 453 3409 si
479 3329 591 3434 dipni
617 3327 946 3436 reperiantarad
950 3331 1242 3435 professionem
1256 3337 1437 3409 notorem
1453 3330 1596 3408 solem-

416 3454 526 3534 niam
554 3452 834 3548 admittantar,
864 3453 940 3529 nisi
963 3455 1142 3552 tartasse
1164 3480 1243 3560 pro
1272 3454 1466 3559 aliqaibas
1485 3454 1592 3549 locis,

417 3581 476 3658 ati
500 3577 695 3658 nonnnllis
722 3576 919 3657 institutis
947 3575 1140 3656 indaltam
1167 3585 1236 3670 est,
1262 3576 1464 3684 professio
1491 3582 1597 3657 noto-

418 3731 508 3783 ram
548 3697 781 3809 simpliciam
822 3701 879 3780 ad
913 3703 1065 3804 lrnyias
1102 3709 1252 3809 tempas
1272 3702 1364 3807 jam
1406 3729 1592 3782 concessa

413 3826 554 3931 faerit.
588 3828 748 3906 Poterit
792 3851 886 3906 nero
924 3825 1121 3932 Saperior
1154 3825 1356 3930 eqeneralis
1393 3855 1443 3906 ac
1471 3825 1594 3906 etiam

417 3952 611 4060 Saperior
619 3949 877 4059 procincialis
893 3951 1080 4056 eocjastis
1095 3959 1131 4029 et
1147 3937 1448 4032 rationabilitas
1459 3951 1594 4030 caesis

409 4078 701 4185 professionem
722 4083 903 4156 notorem.
916 4077 1147 4154 solemniam
1160 4075 1203 4153 di
1236 4103 1341 4171 erre,
1356 4100 1437 4155 non
1451 4099 1589 4156 renen

417 4223 554 4281 aaran
563 4223 753 4280 emereri
763 4213 962 4280 ennoean
972 4223 1304 4289 v1e1nr1oo1nonn
1314 4223 1593 4280 exennronnu.

417 4324 466 4404 Si
492 4349 582 4402 cero
622 4324 662 4402 in
694 4323 843 4402 Ordine
878 4350 948 4403 sea
983 4323 1166 4402 Imtitato
1202 4322 1476 4404 Proaincialcs
1514 4349 1593 4403 nnn

417 4449 654 4547 habeantur,
685 4448 822 4528 eadem
850 4447 1065 4554 differendi
1082 4450 1375 4555 professionem
1411 4457 1591 4528 cotoram
