3550 5434
707 541 869 596 -161-

196 722 386 828 portibus
414 719 651 826 dcsipnctis:
665 720 719 798 ita
739 728 793 820 ut,
814 718 849 799 si
869 717 1064 822 Religiosi
1083 719 1378 803 accidentaliter

202 843 295 924 inibi
322 871 404 925 non
432 853 734 925 commorentur
763 845 802 924 in
832 851 939 941 actu,
961 852 1096 924 tamen
1115 844 1269 946 habitu,
1285 874 1376 954 per-

192 978 313 1077 petuo
341 977 550 1076 permanet
578 969 787 1074 dispositio
816 966 1036 1074 apostolica
1064 995 1234 1076 -usque
1277 973 1375 1051 dum

200 1095 340 1176 eadem
381 1093 624 1192 Auctoritas,
654 1120 756 1200 quae
798 1094 1041 1174 Clausuram
1082 1095 1227 1201 posuit,
1267 1094 1376 1174 illam
1496 1083 1504 1092 ’

201 1218 373 1299 solutam
401 1243 483 1298 non
511 1218 740 1298 declaravit.

281 1343 397 1424 Unde
425 1341 522 1422 Pius
551 1343 662 1448 Papa
691 1341 750 1423 IX
777 1341 976 1448 praecepit
1004 1341 1130 1423 semel
1158 1343 1374 1443 etiterum,

201 1467 252 1547 ad
279 1466 598 1546 confirmandam
626 1466 729 1546 hane
758 1449 993 1564 doctrinam,
1023 1475 1067 1547 ut
1093 1492 1200 1546 unus
1231 1467 1376 1548 Custos

200 1590 430 1696 Religiosus
446 1590 564 1672 etiam
579 1591 708 1670 atatis
719 1591 919 1669 sufficeret
930 1590 980 1669 ad
996 1591 1376 1696 repraesentandam

198 1715 428 1824 hujusmodi
456 1715 705 1814 Clausuram,
736 1713 899 1821 quaein
920 1742 997 1794 suo
1016 1716 1162 1795 robore
1176 1716 1372 1798 manebat.

199 1843 250 1922 Et
276 1841 434 1939 merito;
464 1865 639 1946 namque
653 1840 720 1947 jus
749 1867 830 1920 non
858 1839 1072 1921 destruitur
1091 1841 1194 1920 facto
1214 1841 1375 1922 alterius

199 1966 259 2045 vis
288 1965 603 2071 incompetentis,
633 1965 946 2070 quoquomodo
975 1963 1040 2044 illa
1067 1966 1333 2071 superveniat.

280 2093 344 2171 Ex
372 2089 449 2171 hoc
477 2089 591 2171 facile
619 2088 824 2170 deducitur
851 2088 1042 2169 resolutio
1070 2089 1231 2170 alterius
1260 2116 1377 2196 quae-

198 2215 339 2295 stionis
349 2262 363 2274 -
373 2214 479 2321 quod
491 2217 533 2292 in
548 2214 748 2293 Conocntu
757 2212 959 2312 derelicto,
973 2215 1212 2319 quandoque
1228 2214 1376 2295 familia

197 2339 404 2444 Religiosa
432 2339 622 2439 restituta,
651 2337 753 2418 illico
787 2338 827 2417 in
856 2365 904 2418 eo
928 2338 1140 2418 reviviscat
1171 2338 1374 2437 clausura,

198 2465 254 2544 uti
296 2471 413 2544 antea
454 2473 558 2562 erat;
598 2471 635 2544 et
671 2462 924 2560 reviviscant,
958 2461 1057 2568 jure
1076 2472 1174 2570 post
1209 2464 1373 2564 liminii,

196 2589 335 2669 omnia
349 2588 565 2696 privilegia,
582 2588 770 2686 honores
788 2587 949 2692 gratiae,
968 2587 1254 2693 exemptiones
1271 2613 1373 2693 quas

195 2715 355 2795 Summi
373 2713 604 2811 Pontifices
635 2739 682 2792 ac
698 2711 933 2819 Apostolica
952 2712 1076 2792 Sedes
1104 2711 1158 2790 illi
1186 2713 1376 2792 Commu-

195 2839 307 2920 nitati
348 2838 433 2919 suis
475 2836 825 2917 Constitutionibus
868 2844 905 2914 et
934 2834 1251 2916 ordinationibus
1288 2837 1374 2943 jam

196 2963 372 3044 dederat.

278 3088 368 3167 Scio
397 3113 492 3166 vero
520 3085 596 3164 hac
624 3110 746 3191 super
766 3112 808 3164 re
836 3086 1073 3191 plerumque
1093 3083 1232 3189 agitari
1253 3110 1375 3191 quae·

195 3213 348 3294 stiones
376 3211 495 3291 etiam
527 3210 628 3290 inter
661 3235 834 3314 magnae
870 3219 989 3289 notae
1026 3211 1224 3289 Doctores
1256 3210 1375 3290 utrin-

195 3362 276 3442 que
305 3343 540 3440 argumenta
568 3335 826 3414 deducentes:
857 3334 928 3414 sed
957 3332 1159 3413 neminem
1174 3334 1372 3440 praeterit,

194 3446 352 3540 incivile
392 3485 483 3538 esse
524 3483 596 3564 pro
625 3458 768 3538 infecto
812 3457 958 3538 habere
995 3457 1102 3562 quod
1126 3458 1227 3565 jure,
1256 3467 1294 3537 et
1322 3458 1371 3539 ab

193 3584 426 3665 auctoritate
467 3581 704 3689 competenti
733 3583 881 3662 factum
917 3590 989 3683 est,
1028 3593 1065 3662 et
1107 3591 1300 3688 optctwn,
1330 3592 1373 3663 ut

191 3709 233 3789 in
264 3735 340 3789 suo
368 3709 511 3788 robore
540 3713 709 3803 maneat.
739 3706 957 3812 Siquidem,
990 3706 1076 3813 jam
1105 3705 1290 3798 vidimus
1321 3735 1372 3786 ex

191 3831 441 3913 Auctoritate
455 3830 699 3938 Apostolica,
716 3830 858 3910 domus
878 3832 923 3907 in
946 3830 1166 3911 Conceptus
1180 3831 1373 3911 canonice

191 3965 363 4056 erectos,
394 3983 417 4035 a
445 3977 641 4036 Psomms
669 3956 719 4035 ad
747 3955 895 4034 Sacros
923 3981 989 4034 res
1009 3981 1236 4059 assurgere,
1257 3964 1294 4034 et
1321 3955 1372 4034 ad

193 4081 392 4188 profanas
419 4080 549 4160 redire
577 4106 658 4158 non
687 4106 808 4186 posse
837 4079 925 4159 sine
954 4081 1095 4160 eadem
1114 4080 1374 4186 Apostolicae

193 4205 315 4287 Sedis
344 4205 630 4286 Auctoritate·
663 4203 758 4312 Cap.
789 4203 847 4283 od
873 4204 973 4284 leoco
1000 4206 1042 4304 4,
1071 4204 1119 4283 de
1147 4205 1373 4311 Relipr'osis

192 4330 403 4410 cientibus:
432 4329 552 4410 Ratio
581 4337 641 4408 est
667 4329 807 4435 -quod
836 4331 924 4408 Deo
953 4327 1080 4408 semel
1108 4329 1282 4409 dicatum
1302 4327 1374 4407 fuit

192 4455 246 4535 ad
275 4453 478 4534 humanos
506 4480 606 4534 usus
636 4452 808 4559 amplius
827 4453 1008 4533 revocari
1024 4453 1244 4534 nondebet.
1271 4453 1370 4533 Con.

1267 4617 1292 4655 11
