3550 5434
685 573 830 628 ..29-

165 753 278 860 putio
306 753 381 832 illis
409 753 492 832 dari
537 762 740 850 consueto,
784 761 826 832 ut
868 753 927 831 sic
968 753 1185 833 inserviant
1227 755 1344 834 alicui

166 877 373 982 Religioso
403 877 665 984 particulatim
704 887 771 956 aut
812 877 1007 984 pluribus,
1050 879 1109 958 rel
1156 879 1346 958 omnibus

164 1004 446 1100 communiter,
495 1012 531 1082 et
579 1002 777 1082 multoties
824 1002 935 1108 pueri
984 1013 1022 1082 et
1063 1002 1346 1083 adolescentuli

164 1127 408 1234 recipiantur
436 1129 475 1208 in
503 1127 774 1224 Monasteriis,
806 1153 888 1206 non
918 1137 961 1207 ut
989 1127 1148 1222 Novitii,
1191 1128 1262 1207 sed
1305 1138 1348 1208 ut

166 1253 372 1359 HospiteS,
402 1281 474 1333 seu
503 1254 750 1364 postulantes
779 1280 824 1332 se
852 1252 973 1358 recipi
1002 1279 1076 1359 pro
1104 1253 1267 1334 Clericis
1297 1254 1347 1333 ad

167 1376 350 1458 habitum
379 1375 636 1483 probationis,
668 1385 704 1456 et
732 1403 855 1482 parva
898 1383 1008 1456 veste
1050 1376 1173 1456 induti
1212 1376 1348 1482 plures

166 1527 345 1598 menses,
389 1500 568 1606 quinimo
611 1509 648 1580 et
689 1526 824 1622 annos
861 1499 919 1580 sic
960 1500 1209 1580 destinantur
1247 1501 1348 1578 intra

167 1625 365 1722 Claustra,
382 1626 509 1704 donec
524 1623 809 1730 compleverint
824 1650 976 1703 annum
992 1623 1131 1702 aetatis
1145 1623 1348 1703 decimum

170 1749 356 1856 quintum
374 1749 547 1848 Clericis,
582 1758 624 1828 ut
656 1775 779 1855 supra
799 1748 1103 1854 praescriptum,
1125 1749 1175 1827 ad
1196 1775 1348 1828 annum

169 1873 397 1954 Novitiatus
443 1873 725 1972 inchoandum,
773 1875 891 1979 idque
937 1898 985 1951 eo
1036 1881 1255 1979 praetexta,
1307 1883 1349 1953 ut

169 1999 320 2079 interea
349 1999 417 2078 fiat
449 1998 768 2105 experimentum
810 1999 859 2078 do
901 1997 1082 2103 ipsorum
1126 1997 1269 2094 indole,
1312 2007 1350 2077 et

169 2124 387 2230 aptitudine
416 2125 465 2203 ad
504 2122 768 2227 Religionem,
812 2134 848 2200 ot
891 2121 1105 2228 aliqnando
1148 2121 1267 2201 etiam
1308 2122 1349 2202 in

169 2250 314 2328 eadem
357 2258 465 2328 veste
492 2247 610 2328 iidem
652 2247 773 2326 Pueri
803 2257 840 2327 et
868 2245 1170 2326 adolescentuli
1209 2247 1350 2326 admit-

169 2381 305 2454 tantur
332 2375 372 2452 in
401 2371 678 2470 Novitiatibus,
709 2380 747 2452 et
784 2399 877 2451 cum
917 2370 1087 2450 Noritiis
1116 2371 1261 2475 degant
1299 2373 1348 2450 ad

169 2499 262 2597 hoo,
291 2509 502 2578 uteorum
530 2524 651 2577 voces
681 2497 854 2603 pueriles
883 2496 924 2576 in
953 2496 1086 2575 Clroro
1115 2523 1208 2574 cum
1247 2497 1349 2573 roci-

170 2625 251 2703 hus
278 2623 564 2702 professorum
592 2622 847 2718 misceantur,
874 2622 971 2699 dum
992 2619 1135 2700 Divina
1154 2645 1350 2724 peragun-

171 2759 238 2829 tur
285 2749 438 2828 Officia.
471 2746 671 2842 Quoniam
718 2771 813 2824 vero
859 2745 1081 2824 secundum
1125 2745 1349 2824 Canonicas

171 2874 421 2972 Sanctiones,
465 2884 501 2953 et
538 2871 639 2978 juris
681 2871 856 2975 regulaS,
900 2896 993 2948 cum
1032 2869 1126 2974 quid
1170 2896 1250 2948 una
1287 2869 1349 2948 ria

172 2998 406 3107 prohibetur
435 2997 561 3096 alicui,
592 2997 641 3076 ud
672 2996 814 3075 idalia
847 3021 929 3074 non
959 2993 1101 3073 debeat
1129 2993 1291 3092 admitti,
1314 3003 1352 3073 et

173 3123 386 3204 memorati
416 3121 567 3201 abusus
596 3121 825 3227 irrepserint
853 3119 893 3197 in
923 3119 1105 3198 fraudem
1137 3119 1270 3222 LogiS,
1314 3127 1352 3196 et

172 3247 398 3328 elusionem
427 3249 701 3345 Decretorum,
731 3253 926 3351 utsupra
958 3244 1154 3324 editorum
1192 3243 1231 3321 in
1270 3245 1351 3322 Re-

173 3372 368 3476 ligionum
399 3371 662 3476 dispendium,
694 3397 740 3448 ac
769 3394 849 3447 non
880 3369 967 3447 sine
986 3365 1206 3447 multorum
1227 3365 1351 3444 admi-

173 3497 340 3594 ratione,
371 3504 409 3574 et
436 3494 638 3574 scandala.
670 3493 819 3573 ldcirco
849 3493 990 3572 eadem
1018 3491 1142 3570 Sacra
1174 3491 1352 3592 Congre-

173 3621 294 3726 gatio,
324 3630 367 3700 ut
395 3621 433 3698 in
463 3619 546 3699 dias
575 3625 729 3697 crescat
756 3617 796 3694 in
824 3616 1004 3697 Ecclesia
1032 3613 1105 3694 Dei
1133 3615 1350 3693 Sacrorum

172 3747 433 3850 Religionum
462 3744 662 3851 splendor,
693 3751 729 3822 et
750 3741 961 3839 veneratio²
983 3766 1034 3818 ex
1058 3737 1218 3845 speciali
1237 3763 1352 3816 man-

172 3873 268 3952 dato
286 3871 414 3952 SSmi
430 3871 519 3950 Dni
537 3867 623 3947 Nri
642 3870 691 3948 D.
703 3865 918 3947 Clementis
933 3864 1076 3944 Divina
1095 3861 1352 3942 Providentia

174 3998 311 4102 Papae
352 3994 505 4075 Decimi
552 3992 628 4071 hoc
667 3991 863 4096 praesenti
892 3992 1075 4085 Decreta,
1123 3988 1163 4064 in
1210 3987 1351 4064 virtute

173 4123 346 4202 Sanctae
375 4117 629 4199 Obedientiae
659 4115 847 4222 praecipit
890 4113 1079 4192 omnibus
1108 4122 1146 4191 et
1182 4109 1351 4214 singulis

173 4243 458 4350 Superioribus
487 4239 760 4336 Generalibus,
789 4237 1120 4335 provincialibus,
1141 4244 1179 4315 et
1197 4235 1351 4316 Locali-

174 4371 268 4464 buS,
299 4395 552 4475 quocumque
580 4365 755 4463 nomine,
785 4391 832 4444 ac
859 4364 970 4445 titulo
1004 4361 1223 4470 appellatis,
1257 4387 1353 4466 quo-

175 4521 424 4600 ruscumque
453 4493 663 4592 Ordinum,
695 4517 741 4569 ac
756 4490 1123 4594 Congregationum
1142 4496 1225 4566 tam
1244 4511 1353 4564 men-
