3550 5434
704 574 863 629 -141-

194 747 444 834 Beneficium
473 778 562 832 cant
590 781 692 835 cara
733 755 991 847 animaram;
1020 761 1115 833 tunc
1142 753 1195 832 ita
1237 778 1376 833 conce-

193 879 303 960 ditur
328 885 370 958 ut
396 904 469 985 pro
498 877 707 960 Iadioidao
735 878 939 960 Indultum
966 877 1115 958 nullius
1143 877 1194 956 sit
1211 877 1373 975 valoriS,

191 1002 428 1110 nullamque
456 1003 536 1084 vim
564 1003 724 1101 habeat;
758 1034 778 1082 «
807 1031 855 1085 ac
873 1004 908 1083 si
928 1003 1120 1083 excitetur
1137 1005 1375 1081 contestatio

197 1159 221 1204 «
249 1127 351 1206 inter
377 1127 631 1232 Religiosum
656 1139 694 1210 et
720 1128 957 1234 Superiores
1001 1125 1175 1224 OrdiniS,
1204 1127 1244 1208 S.
1275 1127 1375 1206 Con-

196 1281 219 1330 «
250 1253 442 1356 gregatio,
472 1280 576 1332 nana
595 1279 677 1360 pro
706 1260 798 1332 tono
827 1251 1023 1333 indultum
1041 1278 1282 1332 concessum
1294 1277 1376 1358 pro

196 1407 220 1453 «
251 1377 401 1479 injecto
429 1384 561 1457 tenere
590 1377 790 1482 significat
820 1405 856 1457 a.
910 1445 918 1472 ,

279 1500 505 1608 Aliquando
534 1501 765 1582 conceditur
792 1500 1040 1582 Beneficium
1063 1497 1250 1604 religioso
1283 1525 1373 1579 sae-

189 1625 411 1706 cularizato
422 1626 480 1705 ad
487 1634 653 1733 temptam
669 1635 764 1707 tunc
777 1626 994 1732 imponitur
1008 1624 1202 1704 conditio:
1222 1623 1374 1721 «Quod

193 1781 219 1830 «
249 1749 477 1856 hujusmodi
505 1751 753 1831 Beneficium
781 1751 814 1830 si
847 1751 955 1829 illico
971 1749 1260 1848 dimittendum,
1281 1774 1374 1827 cum

192 1903 220 1951 «
249 1874 382 1980 ipsum
411 1875 461 1954 ad
490 1875 719 1954 Claustrum
747 1874 927 1954 revocari
961 1871 1263 1978 contingerit».

279 1998 380 2093 Quid
408 1999 442 2078 si
471 1998 560 2106 quis
588 1998 814 2079 habilitatus
844 1998 959 2078 luerit
989 1998 1038 2077 ad
1068 2023 1193 2077 unum
1223 1996 1377 2077 Benefi-

187 2123 317 2220 cium,
351 2124 458 2230 quod
500 2121 691 2218 obtineat3
735 2123 876 2203 deinde
918 2123 1132 2230 relinquet;
1178 2122 1376 2227 indigetne

185 2247 376 2328 secunda
403 2247 670 2328 habilitatione
700 2248 757 2326 ool
782 2247 900 2326 aliod
917 2246 1229 2354 consequendam
1251 2245 1377 2324 Bene-

187 2373 366 2468 ficium?
1389 2353 1393 2362 ¹

279 2495 424 2604 Utique
439 2506 500 2577 est
518 2497 759 2594 necessaria,
776 2498 868 2604 quia
884 2497 1014 2604 prima
1029 2497 1238 2577 concessio
1254 2522 1374 2574 suum

185 2622 383 2704 eflectum
407 2623 492 2729 jam
519 2621 657 2702 sortita
686 2630 755 2702 est.

280 2747 436 2827 Accidit
463 2749 702 2854 quandoque
716 2755 758 2827 ut
773 2747 862 2854 quis
891 2746 1023 2852 aliquo
1042 2746 1245 2826 Beneficio
1264 2772 1376 2853 prae-

185 2872 316 2970 ditus,
360 2879 465 2978 petat
493 2879 531 2950 et
558 2872 802 2970 secundunm
844 2880 939 2952 tunc
970 2897 1053 2951 non
1094 2871 1227 2952 solum
1268 2897 1375 2950 nova

185 2995 411 3103 requiritur
452 2994 678 3094 habilitatio,
707 2997 778 3076 sed
807 2996 926 3076 etiam
962 3021 1084 3102 super
1118 2996 1373 3104 pluralitate,

184 3119 427 3200 necessaria
456 3127 516 3198 est
544 3120 803 3227 dispensatio,
824 3148 947 3228 quam
965 3121 1159 3202 Summus
1187 3119 1375 3199 Pontifex

184 3271 282 3325 non
310 3243 421 3325 facile
449 3243 620 3324 tribuere
648 3246 870 3342 consuevit3
901 3253 938 3325 et
966 3245 999 3324 si
1030 3243 1139 3324 illam
1181 3243 1373 3338 concedit,

183 3368 466 3451 conditionem
495 3369 673 3475 apponit:
707 3370 977 3450 «dummodo
1011 3369 1185 3475 primum
1223 3368 1377 3449 Benefi-

189 3525 218 3574 «
244 3493 360 3574 cium
388 3518 461 3598 pro
489 3519 669 3598 congrua
698 3493 759 3573 sui
787 3494 1073 3574 sustentatione
1101 3492 1265 3572 minime
1297 3494 1378 3572 sul-

189 3653 217 3700 «
249 3617 360 3698 fioiat
388 3647 424 3697 a.

279 3745 325 3824 In
354 3742 538 3848 precibus
567 3771 590 3822 a
618 3743 835 3848 Religiosis
875 3743 917 3824 S.
946 3743 1038 3823 Sedi
1073 3743 1211 3823 delatis
1249 3745 1375 3822 semel

183 3879 234 3950 et
262 3868 408 3946 iterum
437 3868 514 3973 peti
542 3866 643 3947 solet
670 3867 885 3948 habilitatio
915 3868 965 3947 ad
986 3895 1107 3948 antem
1134 3868 1376 3946 determina-

183 4003 285 4073 tam
320 3991 580 4087 Beneficium,
619 3993 703 4072 sive
739 3993 923 4099 simplem,
954 3991 1038 4070 sive
1077 3999 1280 4082 aitratimu
1313 3999 1376 4068 ast

182 4122 236 4200 S.
258 4117 386 4196 Sedes
414 4115 583 4220 gratiam
602 4143 684 4196 non
704 4118 894 4218 concedit,
912 4143 962 4195 ne
977 4117 1068 4222 jura
1089 4116 1254 4196 forsitan
1273 4115 1375 4193 inter

182 4247 335 4350 partes
363 4248 632 4339 controversa,
650 4241 781 4348 aliquo
809 4242 932 4321 modo
960 4241 1187 4338 laedantur;
1216 4240 1287 4319 sed
1316 4265 1375 4319 re-

179 4367 394 4469 formatis
418 4367 617 4472 precidere,
653 4357 787 4446 tribuit
824 4364 1136 4447 habilitationem
1164 4365 1214 4445 ad
1254 4392 1376 4445 tinam

184 4497 242 4574 in
270 4517 416 4597 penore
445 4493 770 4600 consequendum
801 4491 1049 4592 beneficium,
1079 4501 1161 4572 tam
1190 4489 1377 4597 simplex,
