3550 5434
641 1188 755 1254 Ocnus
783 1185 981 1252 Snoonnun.

520 1418 583 1480 De
615 1419 739 1482 Voto
771 1415 1104 1479 Obodientiae

692 1629 934 1688 —eao—

743 1920 778 2023 S·
810 1918 877 1997 1³¹⁸

369 2205 416 2283 In
445 2229 522 2311 qao
553 2204 747 2284 consistat
780 2202 1044 2283 Obea'ientiao
1078 2201 1253 2281 Votam?

301 2490 395 2569 Tria
437 2488 692 2596 potissimum
735 2487 775 2567 in
816 2487 1114 2570 Monachorum
1163 2485 1398 2567 Obedientin

219 2613 418 2696 desiderat
443 2615 484 2694 S.
516 2611 772 2710 Benedictus3
800 2615 903 2718 Reg.
946 2615 1041 2718 Cap.
1072 2613 1123 2690 V.
1153 2611 1259 2717 opud
1301 2609 1397 2689 Hol-

219 2749 322 2820 sten.
351 2737 483 2818 Codic.
515 2737 707 2842 Regulnr.
737 2764 776 2816 n.
819 2737 857 2817 2.
898 2763 988 2843 pag.
1029 2735 1117 2816 118.
1157 2733 1258 2815 Edit
1287 2739 1394 2838 Aug.

219 2861 414 2943 Vindelie.
436 2889 499 2943 sn.
522 2861 639 2962 1759,
660 2861 827 2941 scilicet:
857 2871 901 2940 ut
919 2859 1110 2942 Monachi
1131 2867 1297 2966 pareant
1311 2859 1397 2938 suis

218 2985 466 3094 praepositis
495 3033 546 3046 ·-
574 2987 661 3067 sino
688 3011 810 3066 mora
838 3033 888 3045 -
918 2983 1144 3094 nontepidc
1171 2991 1281 3064 -et
1310 3009 1398 3063 cam

217 3113 322 3192 bono
351 3113 498 3190 animo.

302 3237 407 3317 Hine
434 3239 474 3318 S.
490 3235 745 3316 Bernerdus:
762 3234 997 3335 obedientie,
1018 3234 1155 3341 inquit,
1174 3233 1307 3338 legem
1331 3261 1398 3312 nc·

214 3363 309 3458 scit,
338 3360 516 3441 terminis
535 3386 618 3439 non
641 3366 833 3456 arctatum
853 3386 984 3466 neque
998 3366 1182 3438 contente
1201 3356 1397 3462 angustiis

215 3485 493 3594 professionis²
523 3484 685 3590 largiori
712 3484 915 3564 voluntate
943 3484 1066 3563 fertur
1091 3481 1131 3560 in
1148 3481 1396 3562 latitudinem

215 3610 434 3692 charitatis.

298 3739 456 3842 Exque
472 3735 741 3815 communiter
756 3733 915 3816 dicitur:
936 3733 1016 3812 Rei
1024 3733 1167 3838 ‘piosos
1177 3731 1396 3838 propriam

215 3859 417 3940 abdicare
444 3861 698 3941 aoiantatcm.

297 3987 533 4082 Quaerere
563 3985 773 4064 abdicatio
801 3982 961 4089 respicit
989 3981 1283 4089 professionem
1310 3986 1393 4058 tarn

212 4109 447 4216 Simplicem
477 4136 600 4218 quern
627 4109 872 4190 Solemnem.

299 4236 363 4314 Ex
389 4234 467 4313 hoc
495 4234 621 4342 capite
637 4232 868 4336 Religiosus
888 4258 912 4311 a
936 4228 1219 4336 Superioribus
1238 4229 1393 4334 pendet,

213 4360 305 4440 sive
332 4369 473 4465 agatur
491 4361 541 4440 de
560 4359 682 4439 rebus
702 4384 804 4465 quse
823 4357 909 4464 ejus
928 4381 1146 4461 personam
1165 4352 1393 4460 respiciunt,

218 4485 310 4564 sive
335 4485 383 4565 de
412 4485 475 4564 his
503 4511 609 4594 quse
637 4484 833 4588 attingunt
864 4479 1214 4562 communitatem.
