3550 5434
924 507 1086 562 -192-

496 685 615 764 Nune
630 683 864 788 quaerimus
879 710 956 765 nos
971 692 1108 766 tetrum
1116 688 1344 794 pensiones,
1361 713 1464 792 quae
1478 686 1593 767 hodie

415 809 465 887 ub
485 809 652 904 aerario,
672 807 887 913 Religiosis
906 810 1129 910 solvuntur,
1151 811 1305 918 possint
1315 813 1415 916 jure
1434 810 1486 907 hi,
1502 839 1594 918 por-

408 937 531 1039 petoo
551 933 868 1033 saecularisati,
899 961 1039 1015 seeum
1069 937 1171 1016 ferre
1200 935 1240 1013 in
1269 934 1516 1032 seeou10;ao
1544 936 1594 1015 de

416 1057 490 1136 illis
500 1059 600 1164 juro
615 1059 811 1161 gaudere?
828 1060 1009 1139 Possunt
1028 1060 1266 1166 Superiores
1286 1059 1324 1139 id
1344 1061 1595 1167 permittere?

415 1182 674 1286 EINepotioo
688 1183 727 1262 S.
746 1183 1011 1288 Congregetio
1028 1211 1188 1292 semper
1205 1185 1392 1291 reposuit.
1410 1185 1596 1290 Namque

417 1308 631 1387 inhaerens
659 1307 849 1387 doctrinis
882 1308 1074 1416 expositis
1103 1335 1127 1388 u
1154 1308 1279 1390 Clem.
1309 1309 1401 1389 VIII
1430 1293 1481 1368 ὶ-
1520 1307 1597 1414 pla·

416 1439 518 1512 num
546 1442 605 1512 esi
634 1480 684 1491 —
712 1431 916 1512 neminem
946 1461 998 1512 ex
1026 1432 1243 1537 Religiosis
1281 1432 1436 1513 etiamsi
1478 1432 1597 1540 Supe-

418 1559 565 1656 riores,
595 1556 800 1663 peounieS,
831 1583 991 1657 oensuS,
1008 1556 1187 1663 eliasque
1206 1557 1457 1662 elargitiones
1477 1583 1598 1662 posse

418 1680 587 1761 retinere
615 1709 662 1760 uo
681 1681 909 1787 possidere:
930 1707 1061 1787 neque
1081 1682 1332 1789 Superiores
1355 1682 1599 1788 quicumque

419 1805 443 1885 ii
472 1813 577 1901 sunt,
597 1805 774 1886 Fratres
789 1805 1035 1913 dispensare,
1054 1806 1129 1885 sub
1145 1806 1285 1912 poenis
1305 1833 1329 1894 n
1346 1806 1467 1886 Cone.
1487 1805 1597 1885 Trid.

418 1930 693 2010 comminutis:
721 1935 785 2011 Ac
803 1931 1041 2037 praesertim
1068 1930 1108 2009 in
1128 1938 1268 2010 nostru
1297 1930 1448 2038 speeie:
1470 1929 1598 2035 Siqui-

421 2053 514 2134 dem
532 2056 746 2161 pensiones
766 2055 1012 2138 eonst‘tuunt
1033 2058 1362 2162 correspeotioum
1385 2055 1599 2153 bonorum,

420 2179 710 2278 aedificiorum,
739 2179 992 2285 aliorumque
1019 2206 1157 2260 rerum
1186 2179 1357 2276 ordinis,
1387 2206 1434 2258 eo
1461 2179 1511 2260 ed
1540 2205 1602 2257 or·
1716 2197 1719 2217 ¹

420 2303 555 2384 dinem
583 2331 744 2410 semper
772 2312 954 2411 spectare
983 2305 1137 2404 debent,
1167 2305 1286 2384 etiem
1315 2305 1355 2383 in
1384 2304 1600 2411 pecuniam

420 2429 614 2508 reductae.
645 2431 696 2509 Et
723 2429 773 2508 de
800 2427 878 2509 hoc
906 2428 1014 2509 sutis,
