3550 5434
712 491 855 550 ...37-

196 671 281 770 iter,
312 673 481 752 arduum
511 673 672 779 quidem
701 675 773 755 sed
803 673 969 756 Divinae
997 673 1207 756 Char-itatis
1240 673 1374 754 dulce-

195 795 287 874 dine
329 823 552 902 aspersum,
596 797 757 905 abjectis
799 808 1049 880 terrenarum
1077 826 1214 878 rerum
1251 798 1371 898 euris

194 919 376 1001 alacriter
404 933 711 1028 prosequantur,
741 925 862 1004 nimis
891 923 1000 1002 enim
1028 931 1142 1029 turpe
1162 932 1279 1020 esset,
1301 949 1372 1003 eos

193 1045 244 1125 ad
275 1047 501 1126 saecularia¹
522 1048 728 1144 desideria,
745 1048 892 1155 quibus
911 1047 1048 1145 semel,
1070 1047 1271 1153 aspirante
1290 1050 1372 1128 Do-

193 1169 320 1265 mine,
350 1171 644 1270 renunciarunt,
674 1173 853 1252 animum
882 1198 1085 1271 revocare,
1128 1178 1166 1250 et
1197 1170 1371 1275 obligata

193 1295 295 1392 Dee,
325 1295 390 1401 qui
419 1322 500 1376 non
542 1295 735 1394 irridetur,
766 1298 938 1403 primam
981 1297 1102 1376 fidem
1130 1297 1283 1376 irritam
1316 1297 1373 1376 la-

193 1445 299 1499 cere.
319 1420 575 1501 Meminerint
594 1447 639 1500 se
659 1422 709 1501 ad
729 1421 972 1528 peculiarem
991 1421 1209 1502 Salvatoris
1234 1420 1371 1500 Nostri

192 1544 401 1650 sequelam
430 1556 605 1645 vocatos
627 1547 694 1652 qui
723 1573 817 1626 oum
836 1546 947 1626 dives
976 1553 1093 1645 esset,
1115 1555 1276 1652 propter
1295 1572 1371 1625 nos

192 1695 348 1773 egenus
377 1671 504 1750 luctus
532 1680 604 1770 est,
624 1681 884 1777 veterumque
912 1670 1071 1751 illorum
1090 1671 1267 1751 fidelium
1287 1671 1373 1775 glo-

192 1795 328 1874 riosos
355 1793 586 1895 imitatores
617 1823 664 1876 ao
692 1795 811 1876 veluti
840 1795 1035 1876 haeredes
1063 1823 1166 1895 esse,
1197 1822 1371 1902 quorum

191 1929 278 2001 erat
307 1921 385 2000 Cor
404 1947 531 2000 unum
551 1928 587 2001 et
605 1920 755 2000 Anima
774 1947 866 2018 una,
883 1947 958 2001 neo
981 1921 1196 2027 quisquam
1216 1947 1369 2018 eorum,

190 2071 299 2151 quae
340 2045 581 2150 possidebat,
624 2045 770 2152 aliquid
811 2071 933 2124 suum
963 2073 1052 2125 esse
1094 2045 1260 2144 dicebat,
1299 2046 1368 2126 sed

189 2178 319 2250 erant·
336 2169 410 2249 illis
439 2169 572 2249 omnia
599 2170 841 2267 eommunia,
871 2169 1117 2250 dividebatur
1135 2180 1270 2250 autem
1290 2170 1372 2250 sin·

189 2294 312 2401 gulis
342 2303 459 2401 prout
478 2296 623 2402 cuique
651 2322 755 2401 opus
774 2303 873 2391 erat3
904 2296 1072 2401 ideoque
1091 2295 1131 2373 in
1155 2294 1371 2399 Regularis

189 2421 297 2501 vitae
325 2445 372 2500 ao
400 2420 587 2526 precipue
615 2429 777 2499 sanetae
806 2419 1061 2526 paupertatis
1087 2445 1190 2525 quae
1218 2429 1279 2498 est
1306 2445 1371 2526 pa·

188 2573 288 2626 rens
305 2547 502 2651 quaedam
522 2543 803 2650 generatioque
823 2543 1039 2642 Virtutum,
1060 2544 1265 2649 proposito
1285 2569 1371 2650 per-

188 2679 389 2768 severant,
406 2695 648 2776 omnemque
659 2667 975 2766 solleoitudipem
990 2694 1108 2747 suam
1120 2667 1369 2774 projicientes

187 2797 228 2876 in
258 2822 368 2893 eum,
398 2795 512 2874 ouius
540 2793 643 2873 oeuli
663 2793 702 2872 in
732 2819 930 2900 pauperes
948 2792 1178 2898 respiciunt,
1200 2793 1268 2898 qui
1287 2819 1369 2872 non

186 2920 429 3026 derelinquit
469 2927 677 3026 sperantes
719 2919 758 2996 in
787 2945 843 3016 se,
887 2918 958 2996 sed
988 2918 1099 2997 dives
1142 2917 1183 2997 in
1215 2917 1371 2998 miseri-

186 3045 330 3128 cordia
358 3043 599 3150 centuplum,
620 3050 658 3122 et
675 3043 798 3122 vitum
818 3050 1022 3121 aeternam
1041 3052 1201 3148 propter
1220 3069 1369 3122 nomen

184 3197 314 3252 suurn
343 3167 659 3276 relinquentibus
688 3167 823 3246 omnia
851 3166 1088 3274 repromisit.

326 3455 457 3521 Datum
479 3453 590 3522 Rome
613 3452 670 3518 die
696 3453 737 3519 18
760 3451 850 3518 Julii
875 3452 973 3520 1695.
1056 3525 1062 3536 ,
