3550 5434
932 576 1089 631 -196-

502 749 644 854 Neque
673 749 797 834 ullam
825 751 941 831 infert
969 761 1128 833 nostrae
1148 753 1292 860 speciei
1326 755 1598 836 difficultatem

423 873 627 980 dispositio
667 875 729 953 Pii
770 877 907 982 Papae
948 877 1018 975 IX,
1061 877 1102 956 in
1143 878 1302 958 decreto
1338 926 1353 938 ·
1387 880 1598 961 Neminem

421 1001 518 1080 ledet
541 999 595 1079 19
607 1001 761 1080 Martii
794 1001 907 1082 1857
933 1050 949 1061 -
976 1003 1155 1084 scilicet-
1178 1005 1308 1085 Posse
1336 1005 1597 1111 Superiorem

420 1125 669 1222 Generalem,
714 1152 761 1206 ac
801 1126 922 1207 etiam
965 1128 1273 1228 provincialem,
1317 1157 1368 1210 ex
1405 1131 1521 1237 justis
1560 1141 1599 1210 et

419 1249 725 1329 nationabilibus
753 1250 899 1351 causiS,
929 1252 1223 1356 professionem
1252 1261 1439 1334 votorum
1460 1256 1595 1334 solom-

418 1376 527 1452 nium
540 1372 711 1479 differre
726 1400 854 1480 usque
882 1375 940 1454 ud
961 1377 1184 1480 trigesimum
1206 1379 1384 1484 quintum
1403 1405 1553 1457 urinum
1583 1428 1597 1437 -

417 1524 593 1605 nemque
612 1499 738 1596 ibi,uti
753 1507 869 1605 petet,
886 1500 1017 1604 agitur
1032 1501 1080 1580 de
1095 1501 1369 1582 Pnorassronu
1403 1527 1593 1598 sonaunn

417 1630 455 1702 et
482 1623 697 1707 Professus
725 1625 901 1732 simplem
927 1626 1012 1731 jam
1041 1625 1201 1706 indubia
1230 1626 1335 1707 dedit
1362 1625 1474 1730 signa
1504 1627 1592 1706 eius

416 1747 638 1827 idoneitatis
660 1737 716 1829 'ad
758 1749 1025 1854 Religionem,
1067 1749 1299 1846 honestatis
1329 1758 1367 1829 et
1395 1751 1593 1830 bonitatis.

416 1874 583 1978 Insuper
612 1874 720 1978 quod
749 1874 871 1954 voluit
899 1875 1112 1980 legislator,
1142 1875 1348 1982 expressit.

495 2001 685 2077 Attamen
713 2025 765 2078 ex
792 1998 1021 2105 hujusmodi
1051 2000 1099 2079 ab
1129 1999 1278 2080 Ordine
1298 1998 1591 2096 disertionibus‚

415 2121 511 2200 nihil
549 2125 773 2201 detractum
814 2134 999 2204 censetur
1041 2123 1189 2228 ingenti
1232 2124 1372 2202 merito
1406 2154 1426 2202 a
1454 2131 1498 2201 ut
1539 2122 1594 2202 ait

420 2246 698 2325 «Benedictus
726 2247 864 2326 XIV»
907 2247 1205 2352 Religiosorum
1226 2257 1424 2348 coetuum,
1446 2246 1595 2352 quibus

416 2371 533 2450 veluti
563 2370 806 2450 firmissimis
834 2373 1095 2452 munimentis
1124 2372 1305 2452 Ecclesia
1324 2371 1495 2468 fulcitum
1517 2397 1592 2450 nec

414 2496 558 2600 insigni
588 2503 813 2575 ceterorum
841 2496 1143 2600 Religiosorum
1164 2497 1304 2594 virtuti,
1327 2496 1393 2601 qui
1414 2495 1453 2574 in
1474 2497 1593 2576 Clau-

415 2619 507 2699 stris
522 2621 584 2726 pie
600 2627 816 2725 sancteque
835 2621 992 2700 vivunt:
1022 2629 1060 2700 ct
1075 2647 1250 2726 quorum
1283 2619 1592 2726 probatissimae

413 2745 515 2825 vitae
555 2746 654 2825 ratio
696 2745 899 2825 catholicis
941 2746 1102 2852 quidem
1145 2748 1196 2826 ad
1226 2746 1409 2826 virtutem
1439 2754 1497 2825 est
1526 2745 1593 2824 sti-

413 2869 561 2970 mulus,
591 2869 799 2948 haereticis
827 2879 962 2949 autem
990 2871 1183 2950 confusia.

493 3031 614 3108 Nunc
643 3031 693 3109 ad
722 3031 904 3134 singulas
933 3031 1227 3138 disquisitiones
1256 3031 1559 3111 descendamus,

933 3298 968 3399 ἓ·
998 3298 1066 3374 2³¹⁸

723 3511 786 3589 Dc
817 3507 971 3615 Ejectrs
1000 3516 1038 3587 ct
1065 3507 1297 3612 Ejicicnclis.

490 3725 647 3804 Dantur
675 3723 712 3801 in
742 3722 951 3828 Religione
980 3731 1016 3801 et
1045 3722 1108 3820 illi,
1139 3721 1205 3827 qui
1236 3721 1367 3828 aliquo
1396 3721 1584 3800 habituali

409 3849 552 3928 morbo
594 3847 819 3953 praepediti,
853 3878 873 3924 a
916 3847 1173 3953 quantumvis
1215 3846 1443 3950 interrogati
1490 3855 1584 3925 ante

413 4005 432 4053 a
460 3972 773 4068 professionem,
795 3972 927 4077 ipsum
956 3999 1037 4050 non
1067 3971 1315 4051 denuntiant:
1340 3971 1384 4049 tr·
1417 3970 1472 4084 uti
1496 3971 1584 4076 jem

412 4128 432 4173 «
462 4098 636 4177 vidimus
664 4123 685 4170 n
718 4107 812 4176 sunt
831 4096 1078 4202 (deceptorem
1098 4103 1217 4202 atque
1245 4123 1268 4174 a
1292 4095 1392 4202 juris
1419 4093 1582 4198 regulis,

406 4222 588 4327 iniquum
618 4228 654 4298 et
681 4219 928 4325 peraliemnn
958 4229 1027 4320 est,
1058 4229 1101 4299 ut
1128 4223 1314 4326 deceptor
1341 4247 1391 4298 ex
1421 4219 1582 4326 propria

407 4346 546 4424 fraude
561 4344 846 4450 compendium
861 4344 1145 4450 utilitatemque
1161 4344 1359 4450 percipiat.
1389 4344 1496 4446 Ergo
1520 4341 1587 4447 jn-

408 4469 533 4548 stitiae
561 4477 599 4547 et
627 4468 810 4572 aequitati
839 4469 1016 4548 maxime
1045 4470 1238 4573 congruit,
1257 4476 1298 4547 ut
1325 4467 1398 4573 ipsi
1426 4494 1450 4547 a
1478 4466 1587 4545 Reli-
