3550 5434
926 487 1086 542 ..104-

422 666 484 747 tali
514 675 551 747 et
579 667 705 748 vocali
735 695 779 748 se
802 677 1033 763 exerceant3
1053 669 1314 750 Sacramenta
1334 667 1598 773 frequentent,

419 791 574 899 aliaque
620 793 670 872 ad
716 794 1001 900 perfectionem
1048 793 1322 891 conducentia,
1353 791 1597 896 rigidissime

419 917 671 1023 adimpleant.

498 1041 654 1121 Accidit
695 1041 943 1149 plerumque,
987 1048 1030 1120 ut
1070 1040 1111 1120 in
1153 1038 1315 1139 Ordine,
1358 1038 1598 1145 praesertim

416 1163 527 1244 hisce
555 1165 814 1272 temporibus
844 1163 976 1246 adsint
994 1165 1080 1244 Viri
1100 1163 1294 1270 Religiosi
1314 1163 1425 1244 omni
1454 1189 1598 1270 excep

418 1289 524 1368 tione
552 1289 748 1388 maiores;
786 1291 931 1370 notatis
973 1289 1138 1397 praediti
1167 1287 1389 1396 requisitis3
1432 1287 1598 1367 sedvel

417 1421 591 1492 aetutem
619 1417 786 1518 triginta
813 1416 982 1522 quinque
1006 1440 1206 1493 annorum
1226 1439 1308 1492 non
1337 1411 1596 1518 expleverint,

416 1537 479 1617 vel
506 1537 799 1644 professionem
828 1539 1083 1618 decennalem
1110 1565 1192 1618 non
1221 1536 1443 1617 habuerint.

497 1663 613 1742 Tunc
641 1663 880 1770 Superiores
917 1663 1046 1743 solent
1087 1688 1209 1768 super
1237 1661 1301 1742 his
1343 1661 1508 1765 dignam
1536 1660 1600 1740 di-

418 1788 716 1892 spensationem
743 1787 959 1895 implorare
991 1816 1012 1864 (ι
1032 1812 1156 1893 quam
1182 1786 1222 1866 S.
1245 1785 1510 1890 Congregatio
1529 1783 1601 1863 he

421 1939 442 1988 u
471 1911 591 2016 nigne
610 1911 797 2017 indulget,
818 1912 977 1992 attentis
988 1912 1256 2020 peculiarium
1278 1938 1417 1990 rerum
1435 1909 1599 1989 adiunc-

423 2065 443 2114 <‹
471 2035 538 2134 tis;
568 2047 605 2118 at
632 2037 853 2118 dummodo
874 2037 914 2116 in
942 2036 1150 2142 Religioso
1188 2044 1344 2116 caetera
1373 2034 1508 2114 onmia
1535 2061 1595 2112 re

422 2191 441 2236 u
471 2161 615 2267 quisita
643 2170 885 2243 concurrant
913 2192 949 2242 n.

498 2287 560 2366 Ne
589 2293 723 2366 autern
752 2287 965 2392 vigilantia,
999 2295 1037 2366 et
1079 2285 1303 2393 sollicitudo
1331 2286 1371 2364 in
1412 2311 1456 2364 re
1483 2310 1601 2364 num-

418 2437 542 2517 quam
571 2411 739 2511 defioiat,
770 2411 1050 2518 adiungendus
1091 2418 1152 2491 est
1179 2410 1376 2515 Magistro
1419 2408 1600 2490 Novitio-

416 2561 509 2615 rum
550 2535 691 2616 Socim
731 2536 816 2616 sive
859 2537 1174 2642 Sub-Muqister,
1218 2535 1411 2636 moribuS,
1440 2535 1519 2614 vita
1557 2544 1598 2613 et

417 2659 596 2740 doctrina
623 2659 677 2741 illi
706 2661 939 2742 consimilis.
967 2663 1050 2740 Pro
1079 2687 1128 2740 eo
1163 2669 1298 2739 tamen
1335 2658 1596 2766 requiruntur

417 2787 586 2890 tripintu
614 2786 752 2866 aetatis
781 2788 887 2884 unni,
919 2812 1041 2891 super
1079 2785 1225 2891 quibus
1254 2785 1371 2864 etiarn
1415 2783 1593 2891 aliquam

416 2908 755 3016 dispensationem
783 2912 823 2991 S.
846 2911 971 2992 Sedes
991 2911 1234 3016 quandoque
1252 2907 1459 3013 indrdgere
1477 2907 1592 2988 solet.

416 3035 506 3140 lpse
534 3043 738 3140 praeterea
765 3035 992 3114 immediate
1019 3034 1219 3140 subjectus
1238 3061 1329 3114 esse
1356 3033 1472 3114 debet
1507 3037 1594 3114 Ma-

417 3157 554 3262 gistm.

496 3283 600 3363 Tam
628 3282 823 3389 Magister
850 3311 974 3392 quam
993 3285 1137 3366 Socius
1157 3285 1359 3389 eliguntur
1378 3312 1450 3392 per
1476 3283 1594 3391 Capi-

417 3406 544 3488 tulum
570 3408 821 3490 Provinciale
848 3410 907 3490 ud
938 3413 1175 3490 triennium:
1204 3419 1243 3490 et
1270 3419 1385 3490 extra
1419 3419 1591 3517 tempus,

416 3532 507 3612 data
534 3535 779 3634 necessitate,
810 3561 955 3615 eorum
984 3534 1122 3615 electio
1153 3535 1197 3614 lit
1234 3560 1306 3640 per
1333 3535 1594 3641 Superiorem

417 3656 667 3758 Generalem,
696 3659 745 3738 de
773 3686 976 3740 consensu
1018 3668 1155 3740 tamen
1196 3659 1477 3758 Definitorum,
1508 3684 1596 3764 gra-

416 3779 654 3889 viorumque
681 3783 860 3864 Patrum.
1549 3799 1554 3808 '

495 3908 675 4014 Denique
704 3908 788 3988 sive
815 3909 1024 4014 Mupistro
1053 3909 1137 3989 sive
1156 3909 1272 3989 Socio
1301 3910 1434 3988 omniu
1456 3909 1593 4018 prohi-

417 4032 558 4110 bentur
586 4032 732 4138 officie,
763 4060 865 4140 quue
895 4061 985 4114 cum
1012 4061 1115 4113 curu
1141 4042 1179 4113 et
1209 4033 1463 4114 Noudiorum
1491 4036 1595 4138 repi-

416 4158 517 4234 mine
544 4158 700 4236 mimine
728 4160 933 4239 conuenire
962 4159 1155 4238 m'dentur.

495 4279 735 4386 Aliquand0,
769 4282 991 4362 deficientia
1032 4309 1313 4389 personarum,
1344 4283 1447 4361 idem
1487 4281 1594 4362 neli-

416 4405 555 4510 giosus
584 4407 789 4512 Mupister
812 4408 1066 4488 Nocitiorum
1093 4435 1118 4487 a
1155 4407 1334 4515 Capitulo
1377 4408 1438 4488 vel
1467 4435 1491 4487 a
1517 4409 1594 4488 Ge·
