3550 5434
899 488 989 545 ..74
1006 519 1042 530 ..

466 666 588 746 Hisce
616 665 836 746 rationibus
865 693 946 747 non
974 639 1091 775 pauci
1119 693 1171 745 ex
1198 664 1441 745 doctissimis
1482 667 1560 746 Re

385 790 538 895 ligiosis
584 800 679 871 sunt
724 791 861 888 suasi3
904 791 1002 872 dum
1044 790 1105 870 alii
1149 791 1189 869 in
1230 817 1354 870 sensu
1396 789 1559 897 proprio

386 916 651 996 abundarunt.
681 963 732 977 -
762 916 934 998 Videant
960 914 1061 1022 ipsi·
1076 915 1156 996 Sed
1174 939 1256 993 non
1276 899 1561 994 obliviscantur

387 1040 695 1121 Ordinationum
722 1043 859 1121 Innoc.
888 1040 977 1120 XII.
1006 1040 1046 1119 in
1074 1038 1189 1119 Bulla
1207 1039 1394 1118 Delictum
1416 1039 1562 1118 Poste

283 1193 286 1200 ⁴
317 1213 319 1218 ·
387 1165 486 1244 ralis
514 1167 683 1271 officiig
710 1167 748 1246 4.
778 1211 829 1224 ·-
858 1164 1020 1244 aientis:
1053 1193 1073 1240 «
1094 1165 1307 1243 Coeterum
1335 1163 1428 1268 quia
1459 1165 1563 1243 sicut

391 1319 412 1366 a
440 1289 727 1368 nonnullorum
755 1291 1039 1369 Romanorum
1058 1286 1301 1366 Pontificum
1324 1287 1564 1368 praedeces

391 1445 412 1492 «
441 1439 582 1492 sorum
597 1421 830 1492 nostrorum
842 1412 1019 1517 vestigiis
1029 1411 1562 1515 inhaerentesRegularibus

389 1566 410 1616 <r
440 1537 573 1618 ltaliae
602 1538 910 1642 lnsularumque
938 1535 1229 1631 Adiacentium,
1258 1543 1393 1643 utpote
1428 1532 1562 1617 Nobis

392 1693 411 1740 a
442 1660 696 1768 propioribus
724 1687 771 1741 ao
799 1660 919 1740 veluti
948 1670 1039 1740 ante
1067 1660 1208 1740 oculos
1236 1660 1354 1767 hujus
1381 1661 1422 1741 S.
1444 1661 1562 1741 Sedis

391 1787 674 1886 «constitutis,
705 1812 888 1892 quosque
920 1786 1086 1891 proinde
1129 1784 1296 1864 coeteris
1333 1785 1564 1890 Religiosae

393 1945 412 1990 «
441 1911 543 1990 vitae
572 1911 757 2016 exemplo
786 1910 1017 2016 praelucere
1046 1909 1223 1989 maxime
1251 1910 1373 2005 decet,
1416 1911 1565 2016 praeci-

393 2067 412 2113 «
442 2062 564 2143 poam
593 2035 797 2142 quandam
826 2033 1047 2140 Apostoliei
1076 2034 1257 2114 muneris
1285 2034 1411 2114 nostri
1452 2020 1563 2114 solle-

393 2193 412 2238 α
442 2160 655 2240 citudinem
671 2158 980 2265 impendendam
995 2185 1086 2237 esse
1101 2158 1381 2256 duximu531‘ta
1392 2160 1564 2265 reliquos

393 2315 413 2362 «
442 2311 574 2364 omnes
583 2285 802 2388 Relipiosos
821 2283 938 2362 Viros
953 2308 1055 2365 roro
1067 2308 1171 2364 onan
1183 2307 1372 2365 brrrusos
1385 2299 1565 2362 nostrae·

393 2441 412 2487 a
442 2429 521 2517 que‘
542 2409 706 2517 speciali
730 2435 854 2487 curae
881 2409 1087 2507 subiectos,
1116 2409 1272 2486 nimime
1313 2408 1563 2513 neplipendos

392 2565 412 2612 «
435 2541 679 2642 putenam...
711 2531 979 2639 praecipimus
1006 2541 1044 2611 et
1079 2532 1334 2630 mandamus
1374 2540 1412 2611 et
1452 2559 1563 2638 prae-

360 2639 368 2650 ’
393 2690 413 2736 «
443 2658 606 2764 cipuum
622 2683 668 2736 ac
688 2657 887 2763 peculiare
907 2656 1034 2736 dictae
1052 2655 1383 2760 Congregationis
1397 2682 1561 2753 manua,

395 2813 413 2860 a
444 2791 482 2862 et
508 2809 605 2862 eura
634 2782 684 2861 sit
713 2782 840 2862 Nobis
870 2808 918 2860 ea
945 2781 1088 2886 iugiter
1116 2806 1337 2884 suggerere
1364 2791 1402 2861 et
1420 2809 1566 2888 propo·

393 2940 412 2982 ι(
443 2931 550 3002 nere,
571 2932 674 3010 quae
694 2931 766 3011 pro
786 2905 1022 2984 eorumdem
1042 2903 1306 3007 Regularium
1325 2928 1564 2995 ualoououu

395 3058 415 3106 a
444 3051 731 3124 uxrsraurmu,
773 3051 1055 3120 curuscuuouu
1093 3030 1266 3109 Oranus
1284 3029 1373 3127 sint,
1394 3028 1566 3108 fovenda

395 3186 415 3231 a
445 3179 516 3230 seu
546 3151 770 3258 reparanda
797 3151 1026 3257 Disciplina,
1057 3151 1317 3259 felicibusque
1343 3151 1505 3231 illorum
1524 3151 1565 3229 in

333 3371 335 3376 ,
396 3308 413 3352 a
445 3275 508 3354 via
537 3277 821 3357 blandatorum
850 3273 1011 3355 Domini
1039 3276 1339 3381 progressibus
1368 3284 1407 3355 et
1434 3275 1569 3357 lauda·

395 3432 414 3476 a
445 3399 589 3480 bilibus
618 3400 759 3480 studiis
787 3399 971 3479 iuvandis
1001 3401 1227 3480 necessaria
1264 3409 1302 3480 et
1338 3409 1568 3508 opportuna

397 3555 416 3600 a
447 3524 531 3602 lore
559 3522 599 3601 in
626 3522 801 3602 Domino
830 3521 1122 3603 iudicaverit».

473 3647 580 3749 Ergo
596 3645 790 3750 Religiosi
810 3647 1041 3752 ubicumque
1061 3648 1279 3726 consistant
1298 3675 1420 3728 curae
1438 3650 1479 3729 S.
1499 3647 1568 3728 Se

392 3769 453 3848 dis
482 3777 575 3848 sunt
603 3769 744 3848 eodem
774 3770 891 3849 modo
916 3770 1142 3850 concrediti.
1162 3770 1317 3867 Quibus
1336 3772 1568 3853 addendum

392 3894 611 4002 practicam
631 3893 832 3976 criterium
860 3894 901 3974 S.
939 3896 1283 3999 CongregationiS‚
1321 3898 1384 3978 cui
1427 3898 1568 3978 datum

392 4046 474 4099 non
503 4029 564 4100 est
590 4067 641 4078 —
663 4026 834 4126 propter
862 4020 1037 4099 rationes
1065 4021 1142 4099 sibi
1166 4034 1282 4100 tantas
1316 4068 1362 4081 -
1401 4022 1569 4103 Ordine·

392 4144 518 4224 tiones
546 4171 707 4249 semper
735 4145 913 4224 emittere
939 4146 1176 4249 peraratas:
1196 4147 1267 4226 sed
1286 4155 1441 4228 tantum
1457 4173 1569 4227 ema-

390 4295 488 4348 nare
516 4268 797 4374 dispositiones
812 4269 1095 4374 particulares,
1118 4296 1231 4375 quae,
1249 4271 1289 4349 in
1304 4271 1569 4378 applicatione

391 4403 537 4474 tamen
568 4395 617 4474 ad
644 4393 885 4473 universalia
923 4402 1137 4498 exurgunt.
