3550 5434
710 528 871 584 -165-

286 708 390 786 Inter
418 712 638 813 perpetuas
675 706 1049 789 saecularizationas
1091 710 1381 789 adnumeratur

207 833 247 910 in
275 831 413 937 primis
441 829 518 927 illa,
548 840 651 936 quae
680 858 704 911 a
731 834 921 913 Romano
940 833 1134 913 Pontifice
1153 834 1380 938 indulgetur

206 965 248 1035 ut
276 956 364 1062 quis
392 983 443 1036 cx
471 955 650 1036 Instituta
680 956 730 1036 ad
758 958 966 1039 saeculum
995 959 1149 1054 redeat3
1179 959 1229 1038 ad
1249 959 1379 1038 homi-

207 1107 304 1160 num
330 1080 453 1160 vitam
482 1107 740 1161 communem
769 1092 958 1188 perpetuo
987 1084 1285 1163 resumendam.
1308 1083 1378 1163 Illa

205 1233 307 1312 quae
349 1207 464 1286 datur
501 1232 571 1312 per
597 1206 758 1285 modam
787 1209 1059 1313 caputmortis
1088 1216 1155 1288 aut
1184 1217 1375 1314 perpetuo

205 1330 360 1410 adnexa
389 1329 654 1436 suspensione
682 1355 706 1409 a
734 1330 876 1410 divinis
890 1385 906 1396 -
925 1331 1094 1437 denique
1110 1332 1160 1411 ad
1179 1356 1322 1414 Annon
1341 1341 1378 1410 et

205 1456 381 1548 interim,
412 1464 609 1561 quatenus
638 1453 688 1534 sit
717 1456 824 1535 basis
852 1465 891 1535 ct
913 1455 1223 1560 frcadamcntam
1241 1482 1379 1562 perpa-

204 1585 298 1653 taae
326 1575 733 1654 Saecularisationis.

284 1701 397 1780 quta
438 1699 688 1806 propositum
732 1707 916 1779 nostrum
959 1701 1007 1780 de
1048 1699 1111 1779 his
1149 1707 1208 1780 est
1236 1701 1378 1781 diflusa

203 1825 538 1929 pertractandum,
578 1831 615 1903 et
655 1825 916 1931 amputatam
944 1835 987 1904 ut
1023 1825 1201 1904 videatur
1238 1851 1377 1905 earum

201 1948 435 2047 substantia,
466 1958 502 2028 et
531 1949 761 2030 existentiae
788 1950 901 2028 ratio.

282 2073 361 2154 Sed
389 2073 490 2153 illico
534 2073 887 2154 animadvertimus
917 2099 1083 2166 causam
1124 2073 1376 2179 potissimam

199 2225 276 2304 pro
318 2198 579 2304 petitionibus
614 2198 654 2276 in
683 2198 841 2304 defecta
869 2199 1102 2296 oceanas,
1131 2198 1375 2278 consistere:

198 2331 236 2402 et
266 2321 358 2402 huic
388 2323 630 2403 deficientias
659 2322 879 2404 consulitur
908 2349 1003 2401 cum
1040 2322 1198 2402 decreto
1241 2348 1376 2428 perpe

198 2457 295 2527 tuae
323 2447 705 2531 saecularizationis:
734 2456 777 2527 ut
805 2447 969 2526 inferius
997 2445 1232 2527 videbimus,

719 2839 754 2942 ἓ·
784 2842 854 2918 4·““

361 3067 423 3147 Da
451 3068 902 3149 Saecularisationibas
929 3069 1212 3174 temporaneis.

280 3318 419 3398 Prima
447 3318 548 3396 inter
576 3343 719 3396 omnes
747 3315 812 3396 illa
840 3326 901 3396 est
936 3315 1239 3412 consideranda,
1269 3342 1373 3422 quae

192 3442 398 3547 originem
439 3441 546 3522 ducit
587 3468 609 3521 a
651 3439 878 3520 necessaria
920 3439 1114 3543 Religiosi
1155 3441 1374 3519 Forentum

191 3569 447 3649 assistentia.

280 3693 474 3790 Quamvis
494 3692 618 3774 Clem.
635 3693 699 3791 ΙΙΙ,
729 3692 769 3770 in
785 3693 881 3797 Cap.
901 3691 950 3769 12
967 3692 1015 3771 de
1029 3691 1129 3796 Reg.
1148 3701 1186 3773 et
1205 3719 1292 3770 can.
1309 3692 1372 3788 23,
1414 3703 1420 3712 '

192 3821 304 3902 dicat
338 3849 357 3898 «
385 3807 635 3898 Monachum
655 3825 723 3896 aut
732 3825 915 3923 paterna
934 3816 1104 3911 devotio,
1125 3825 1193 3895 aut
1211 3815 1374 3922 propriu

195 3977 216 4025 ι(
248 3943 450 4053 professio
479 3942 581 4039 lacit,
598 3941 798 4050 quidquid
809 3941 955 4021 doram
971 3943 1112 4047 suerit
1138 3963 1375 4021 murcarun

193 4103 214 4150 u
247 4069 387 4152 tenuit.
418 4068 593 4149 Proinde
622 4067 715 4147 huic
745 4069 794 4148 ad
827 4067 1028 4146 mundum
1069 4067 1211 4146 reverti
1255 4070 1375 4146 intar-

191 4229 212 4274 «
247 4193 648 4287 caclatascaelata,
679 4199 715 4270 et
744 4218 877 4271 omnes
906 4191 964 4269 aa
989 4193 1191 4271 succidam
1219 4190 1373 4269 interdi-

191 4355 213 4400 u
247 4320 384 4401 cimus
411 4345 653 4423 regressus·
677 4316 948 4396 Nihilominus
967 4344 987 4391 »
1024 4315 1184 4394 Gir-cca.
1202 4316 1371 4421 caposr't.

178 4450 277 4553 jar.
308 4445 504 4550 Pontific:
524 4449 639 4552 poert.
668 4443 710 4540 2,
740 4442 842 4522 Sect.
860 4443 931 4543 50,
947 4443 1052 4547 Pap.
1074 4440 1175 4520 865.
1201 4441 1311 4521 Torn.
1327 4440 1373 4539 3,
