3550 5434
722 545 884 600 -127-

217 753 238 799 u
269 722 484 821 ElectoreS,
514 729 552 802 et
578 721 811 819 Collatores,
841 748 965 828 quam
993 724 1189 802 adversus
1216 723 1389 821 Eiectos

215 879 235 924 «
269 850 337 954 qui
361 847 439 928 duo
468 848 530 927 vel
557 848 672 954 plura
700 846 1010 952 incompatibilia
1039 848 1181 930 Officia
1210 847 1286 927 sibi
1314 847 1391 928 col-

216 1001 236 1050 «
266 973 346 1052 iata
375 971 615 1079 exceperint,
644 971 706 1051 vei
735 971 998 1052 exercuerint.

299 1125 320 1172 ‹<
348 1095 403 1180 Ut
431 1104 564 1178 autem
591 1096 813 1204 praesentis
842 1095 1001 1176 Decreti
1043 1123 1065 1176 a
1094 1095 1264 1195 nemine,
1313 1097 1392 1176 uilo

214 1251 236 1299 u
269 1249 446 1329 unquam
474 1229 649 1330 tempore
677 1223 898 1326 apponetur,
941 1220 1103 1328 ejusque
1135 1221 1393 1300 obseruantia

211 1378 233 1425 u
267 1375 485 1456 numquam
514 1346 756 1455 nepiipatur,
786 1347 951 1427 mandat
978 1349 1018 1428 S.
1049 1346 1328 1452 CongregatiO,
1349 1353 1393 1427 ut

212 1503 234 1550 n
266 1474 391 1580 ipsum
406 1472 620 1578 quotannis
635 1499 716 1552 una
731 1499 824 1551 cum
840 1470 1003 1580 reliquis
1018 1473 1225 1552 Constitut.
1247 1475 1390 1578 Apost.

212 1627 234 1674 «
267 1599 316 1678 de
358 1624 471 1677 more
504 1597 582 1706 legi
618 1597 755 1696 solitis,
795 1597 835 1676 in
873 1596 1113 1691 Coenaculo‚
1159 1595 1221 1676 ve]
1259 1595 1391 1703 aliquo

213 1751 234 1799 u
267 1721 344 1801 alio
372 1721 473 1823 lonc,
502 1747 544 1804 1n
563 1746 812 1814 macondus
832 1725 1057 1804 Rumerosn
1076 1724 1195 1804 Douo
1228 1724 1396 1802 recitari

213 1877 233 1923 «
268 1846 474 1926 debeat».

676 2026 703 2103 I.
734 2026 858 2106 Canu.
878 2027 1014 2108 Buacn
1033 2026 1312 2108 Prmmnorua

668 2202 717 2282 N.
734 2206 939 2285 Asamus:
960 2206 1106 2287 Erana:
1133 2205 1304 2287 Sncnm.
1363 2301 1371 2324 ἵ

693 2439 907 2451 -ιυι-υ--ι

292 2598 338 2676 In
367 2595 776 2677 administrationibus
820 2598 996 2678 externis
1036 2624 1132 2677 vero
1176 2597 1390 2704 antiquitus

205 2721 259 2800 de
288 2719 462 2825 Syndioo
492 2720 739 2826 ,apostolico
770 2722 871 2801 laico
913 2722 1118 2800 saeculari
1156 2720 1369 2801 utebantur
1378 2748 1389 2819 3

203 2843 444 2951 Superiores
472 2844 638 2924 Instituti
667 2851 800 2924 tamen
828 2845 1072 2952 experientia
1102 2846 1217 2944 docti,
1253 2846 1390 2927 existi-

202 2977 371 3049 marunt
397 2967 541 3048 melius
570 2995 662 3048 esse
691 2968 767 3050 illis
809 2969 1112 3050 substituendos
1155 2970 1387 3076 Religiosos

203 3093 293 3174 sive
311 3092 548 3174 Sacerdotes
563 3093 648 3173 sive
664 3096 906 3196 Conversus,
919 3094 985 3201 qui
1001 3095 1247 3177 obedientiae
1264 3123 1389 3176 causa

203 3243 357 3298 munus
386 3217 565 3298 oblatum
593 3244 783 3298 recusare
802 3246 884 3299 non
905 3228 1071 3325 possent
1078 3247 1089 3318 ;
1106 3227 1143 3298 et
1162 3222 1202 3302 S.
1214 3222 1387 3324 Congre-

204 3341 316 3448 gatio
345 3341 403 3421 eis
421 3341 620 3422 licentiam
647 3343 800 3423 confert
827 3345 1091 3450 respectivam
1109 3344 1386 3425 -dummodo

203 3465 482 3546 adtribuantur
511 3469 692 3547 cauteiae
720 3496 769 3546 ne
796 3468 995 3549 scandata
1023 3471 1223 3549 oriantur.
1260 3503 1264 3513 ·

289 3589 407 3670 Nunc
435 3591 652 3698 quaeritur,
683 3620 735 3673 an
764 3592 959 3696 Religiosi
988 3593 1264 3692 Missionibus,
1283 3593 1387 3674 ultra

202 3715 336 3796 muria
365 3715 572 3820 designati,
603 3718 758 3823 possint
787 3717 1053 3797 obedientiam
1086 3719 1171 3798 suis
1197 3718 1389 3824 ,Superio-

201 3838 320 3918 ribus
347 3837 514 3919 inficiari
542 3850 703 3946 propter
732 3841 1003 3920 difficultatem
1032 3841 1193 3943 itineriS,
1236 3842 1387 3922 valetu-

203 3963 312 4043 dinis
341 3972 378 4044 et
405 3964 508 4045 vitae
536 3964 784 4071 periculum?

288 4086 510 4193 Nepotice:
539 4115 715 4195 namque
757 4089 809 4169 ait
836 4091 877 4170 S.
921 4091 1168 4188 BernarduS,
1211 4091 1266 4170 uti
1300 4091 1385 4198 jum

198 4212 428 4313 retulimus
460 4212 680 4293 obedientia
708 4217 884 4294 terminis
913 4241 994 4294 non
1020 4223 1233 4310 arctatum
1261 4242 1385 4321 neque

199 4345 394 4418 contenta
422 4340 613 4444 anqustiis
636 4342 910 4446 professionis,
940 4341 1012 4421 sed
1051 4343 1224 4449 turpiori
1257 4343 1386 4422 colun·

196 4471 290 4545 tate
315 4465 455 4566 fertur
484 4465 523 4542 in
551 4464 798 4544 latitudinem
828 4463 1061 4547 Charitatis.
