3550 5434
940 561 1083 618 ..50-

424 740 697 846 Regularium,
715 741 950 848 attentisque
965 740 1298 849 postulationibus
1314 741 1599 821 nonnullorum

423 867 730 973 Episcoporum,
747 867 945 971 praesenti
975 865 1132 945 decreto
1153 865 1298 972 ubique
1317 864 1501 945 locorum
1516 892 1602 971 per-

424 991 551 1097 petuis
581 989 720 1069 tuturis
748 989 997 1096 temporibus
1025 991 1237 1088 servande,
1268 989 1378 1088 haec,
1408 1017 1511 1096 quae
1537 1017 1602 1069 se-

424 1123 609 1222 quuntur,
639 1113 872 1220 Apostolica
915 1114 1145 1194 auctoritate
1187 1113 1332 1211 statuit,
1377 1122 1494 1221 atque
1533 1114 1601 1193 de-

424 1239 559 1318 cernit.

531 1364 559 1442 l.
589 1365 633 1442 ln
663 1388 919 1469 quocumque
948 1362 1109 1459 Ordine,
1153 1363 1485 1467 Congregatione,
1529 1364 1602 1442 So

423 1487 573 1581 oictate‚
603 1487 795 1582 Instituta,
817 1486 1075 1586 Monasterio,
1098 1490 1244 1585 Deme,
1265 1488 1349 1567 sive
1368 1486 1409 1566 in
1428 1488 1476 1566 iis
1491 1487 1600 1566 emit-

423 1618 558 1691 tantur
586 1620 677 1690 vota
705 1611 913 1710 solemnia,
944 1612 1028 1691 sive
1056 1611 1262 1718 simplicia,
1293 1620 1331 1691 et
1349 1611 1437 1690 licet
1457 1620 1601 1716 agatur

424 1737 474 1815 de
502 1734 732 1832 Ordinibus,
761 1735 1161 1841 Congregationibus‚
1192 1735 1469 1832 SocietatibuS,
1489 1736 1601 1816 lnsti-

423 1859 528 1958 tutis,
559 1860 827 1964 Monasteriis,
859 1887 906 1940 ac
935 1860 1146 1959 Domibus,
1177 1859 1280 1967 quae
1322 1887 1372 1939 ex
1410 1860 1599 1967 peculiari

424 1983 628 2091 privilegio
656 1984 775 2064 etiam
804 1985 844 2063 in
872 2011 1042 2092 corpore
1079 1985 1181 2092 juris
1223 1985 1372 2083 clauso,
1416 1987 1476 2065 vel
1521 1986 1598 2066 alio

424 2109 567 2216 quovis
587 2108 695 2188 titulo
715 2107 755 2186 in
775 2108 945 2188 decretis
964 2108 1218 2212 generalibus
1238 2137 1320 2188 non
1340 2109 1600 2216 comprehen-

423 2236 580 2333 duntur,
610 2234 686 2313 nisi
716 2233 764 2313 de
784 2233 881 2339 ipsis
900 2234 1097 2339 specialis,
1118 2234 1331 2333 individua,
1352 2243 1390 2313 et
1404 2261 1599 2340 expressa

422 2359 572 2438 mentio
600 2358 680 2457 fiat,
710 2385 830 2437 nemo
860 2359 910 2437 ad
939 2357 1119 2440 habitum
1149 2357 1379 2438 admittatur
1398 2359 1523 2466 alisqe
1541 2369 1600 2439 te-

423 2482 716 2563 stimonialibus
730 2482 850 2562 literis
864 2491 950 2562 tum
968 2483 1167 2563 Ordinarii
1183 2483 1361 2587 originis,
1377 2485 1599 2564 tumetium

424 2607 622 2688 Ordinarii
651 2605 739 2700 loci,
769 2605 809 2686 in
838 2633 918 2713 quo
951 2606 1170 2687 Postulans
1197 2617 1289 2713 post
1308 2607 1510 2712 expletum
1530 2609 1599 2688 de-

423 2731 571 2812 cimum
602 2730 783 2838 quintum
812 2757 965 2812 annum
993 2731 1131 2810 aetatis
1160 2757 1259 2810 suae
1300 2731 1402 2811 ultra
1443 2758 1598 2812 annum

422 2865 604 2936 moratus
632 2856 758 2935 fuerit.

531 2982 575 3058 ll.
607 2979 806 3061 Ordinarii
835 2980 874 3058 in
903 2980 1089 3085 praelatis
1118 2980 1240 3060 literis
1263 2981 1597 3062 testimonialibus

423 3114 637 3212 postquam
666 3103 871 3207 diligenter
891 3103 1174 3210 exquisiverint
1192 3105 1312 3184 etiam
1331 3131 1402 3211 per
1420 3117 1597 3187 secretas

424 3228 724 3308 informationes
766 3228 814 3307 de
855 3228 1100 3308 postulantis
1141 3229 1406 3335 qualitatibus
1448 3231 1598 3310 referre

423 3353 592 3434 debeant
634 3353 682 3433 de
711 3353 796 3460 ejus
837 3351 1047 3451 natalibus,
1091 3361 1227 3450 aetate,
1272 3353 1465 3452 moribus
1504 3355 1597 3444 vita,

423 3477 542 3574 fama,
572 3476 808 3574 conditione,
837 3475 1081 3574 educatione,
1111 3474 1295 3573 scientia;
1325 3503 1377 3556 an
1405 3477 1455 3556 sit
1474 3477 1599 3584 inqui·
1653 3484 1666 3502 ‘²

421 3600 534 3693 situs,
565 3599 696 3707 aliqua
724 3627 906 3698 censura,
935 3598 1236 3704 irregularitate,
1266 3609 1334 3680 aut
1362 3601 1439 3682 alio
1475 3628 1598 3682 cano-

422 3725 512 3804 nico
554 3724 838 3830 impedimento
880 3723 1063 3822 irretitus,
1107 3751 1199 3804 aere
1227 3725 1355 3804 alieno
1394 3734 1597 3831 gravatus

423 3848 485 3927 vel
513 3849 737 3929 reddendae
766 3848 931 3954 alicujus
967 3848 1320 3929 administrationis
1348 3851 1490 3930 rationi
1527 3849 1598 3930 ob·

422 3974 580 4053 noxius
623 3975 673 4053 Et
715 3973 842 4054 sciant
884 3972 1082 4053 Ordinarii
1125 4000 1266 4054 eorum
1309 3975 1595 4055 conscientiam

423 4123 546 4202 super
573 4097 734 4176 veritate
753 4096 1029 4202 expositorum
1049 4104 1254 4176 oneratam
1275 4124 1506 4196 remanere3
1522 4125 1596 4179 nec

422 4220 521 4327 ipsis
548 4247 742 4327 umquam
761 4221 932 4301 liberum
952 4247 1043 4300 esse
1062 4220 1290 4328 hujusmodi
1311 4221 1597 4303 testimoniales

422 4342 556 4424 literas
584 4346 801 4448 denegare3
830 4345 870 4423 in
901 4345 1051 4424 eisdem
1067 4354 1202 4424 tamen
1221 4373 1343 4452 super
1363 4346 1598 4453 praemissis

423 4468 591 4573 singulis
629 4468 801 4549 articulis
844 4496 891 4550 ea
932 4477 1087 4549 tantum
1124 4470 1257 4549 testari
1295 4470 1453 4567 debere,
1491 4496 1595 4578 quae
