3550 5434
920 470 1096 559 ...98-

517 682 657 789 Neque
698 683 774 762 illis
817 683 924 765 bona
966 683 1080 785 fides²
1110 711 1233 791 quam
1260 684 1364 765 ultro
1398 685 1614 783 deducunt,

436 833 558 912 posse
586 805 799 910 suffragari
827 807 1002 903 videtur3
1032 834 1127 886 nam
1156 809 1280 912 iopam
1317 807 1503 912 ignorare
1530 835 1616 887 non

436 929 685 1036 permittitur,
715 929 953 1035 praesertim
981 931 1029 1010 iis
1058 931 1124 1037 qui
1153 958 1205 1010 ex
1234 930 1365 1010 officio
1394 957 1484 1010 eam
1510 932 1617 1011 scire

436 1054 597 1136 debent:
639 1055 775 1135 minus
817 1065 951 1135 autem
993 1053 1155 1135 reiicere
1196 1056 1237 1135 S.
1280 1056 1616 1160 Congregationis

435 1181 588 1262 monita
615 1171 754 1260 coram
782 1181 879 1287 ipsis
909 1207 990 1260 non
1019 1207 1111 1260 raro
1141 1180 1308 1286 prolata.
1753 1174 1754 1203 ¹

959 1450 994 1554 e
1024 1448 1094 1526 ar

757 1662 822 1741 De
850 1661 1062 1740 Scrutiniis
1082 1660 1289 1742 servandis

557 1823 597 1899 in
623 1815 861 1900 admissione
887 1821 1185 1901 Postuluntium
1213 1821 1271 1901 ad
1295 1821 1485 1900 habitum.

516 2051 615 2132 Pius
657 2054 769 2158 Papa
797 2052 866 2131 IX.
911 2051 952 2129 in
993 2053 1111 2132 Decr.
1154 2052 1356 2157 Repulari
1392 2051 1619 2159 Disciplina

435 2177 488 2256 25
506 2179 594 2258 Jan.
614 2177 728 2258 1848.
750 2177 789 2256 in
809 2176 939 2283 prima
958 2185 1069 2282 parte
1090 2224 1141 2234 —
1161 2178 1210 2256 de
1228 2176 1316 2281 lege
1344 2176 1545 2256 servanda
1574 2175 1618 2255 in

434 2301 666 2380 Probandis
708 2302 962 2406 Religiosum
999 2303 1176 2381 habitum
1205 2300 1513 2408 postulantibuS,
1555 2327 1620 2380 se

435 2426 595 2532 quentia
623 2426 764 2506 edixit:
1753 2504 1754 2527 Ν

570 2553 610 2630 1⁰
641 2551 824 2631 «Nemo
867 2551 917 2630 ad
959 2549 1139 2630 habitum
1181 2551 1394 2657 recipiatur
1434 2551 1475 2628 in
1517 2576 1618 2657 quo·
1753 2530 1754 2555 ἶ

436 2704 457 2752 «
487 2701 661 2782 cumque
691 2675 841 2756 Ordine
869 2673 946 2753 nisi
975 2673 1119 2780 duplici
1148 2675 1340 2754 scrutinio
1369 2721 1421 2733 -

518 2800 584 2878 Ad
613 2799 809 2879 effectum.

568 2923 608 3001 2ο
649 2951 669 3000 a
698 2926 744 3002 In
784 2921 960 3030 qualibet
1000 2922 1215 3002 Provincia
1257 2923 1481 3003 habeantur
1523 2931 1616 3003 octo

437 3075 458 3125 a
485 3047 821 3147 decantatores,
852 3047 1000 3127 scilicet
1020 3047 1283 3126 provincialis
1313 3055 1350 3127 et
1369 3054 1524 3152 septem
1544 3045 1614 3126 alii

438 3171 618 3252 «idonei
646 3199 692 3251 ac
721 3171 913 3278 probatae
942 3171 1044 3252 vitae
1070 3171 1265 3276 Religiosi
1295 3170 1518 3277 aCapitulo
1538 3199 1617 3252 seu

437 3326 458 3375 n
486 3297 806 3402 Congregatione
832 3296 1075 3377 Provinciali
1104 3297 1286 3400 eligendi.

514 3421 581 3500 IV.
611 3422 654 3502 Si
682 3421 733 3501 ob
775 3421 1007 3529 pauciorem
1049 3420 1349 3525 Religiosorum
1391 3447 1615 3500 numerum

437 3573 458 3622 «
486 3552 633 3651 septem
661 3546 971 3625 Examinatores
1000 3544 1090 3648 eligi
1119 3550 1331 3653 nequeant,
1347 3542 1491 3622 saltem
1511 3572 1617 3650 qua-

438 3695 459 3745 «
488 3676 580 3747 tuor
609 3665 818 3772 eligantur.

518 3821 538 3868 u
567 3792 635 3870 VI.
652 3793 813 3898 Septem
833 3800 968 3871 autem
985 3791 1320 3888 Eccuminutorm
1337 3791 1400 3871 vel
1420 3796 1612 3897 quotuor,

438 3947 459 3996 «
486 3916 541 3996 uti
570 3941 706 4022 supra,
726 3943 750 3996 a
768 3915 1088 4020 Congregatione
1108 3915 1293 3995 Generali
1312 3915 1495 4019 eligendi,
1516 3942 1613 3996 con·

437 4065 458 4117 a
487 4041 649 4120 stituant
679 4039 877 4120 Generate
906 4040 1152 4120 Scrutinium
1181 4069 1216 4120 n.
1281 4063 1284 4066 ’

513 4163 616 4259 Quid
645 4189 738 4243 vero
768 4190 900 4268 agere,
943 4172 1010 4244 aut
1038 4166 1243 4272 quomodo
1285 4192 1330 4244 se
1373 4193 1513 4269 gerere
1546 4167 1615 4246 de·

434 4286 552 4367 beant
580 4289 650 4366 uni
674 4297 712 4369 et
739 4289 859 4368 alteri
883 4289 1206 4369 Ecaminctores
1233 4291 1275 4369 in
1303 4298 1473 4397 utroque
1501 4317 1615 4370 scru-

433 4411 541 4509 tinio,
571 4412 728 4493 videant
755 4412 1037 4494 humanissimi
1065 4415 1256 4493 Lectores
1275 4414 1316 4492 in
1335 4416 1514 4521 praefato
1534 4418 1614 4496 De-
