3550 5434
793 999 829 1080 a

215 1271 499 1344 Dispositiones
526 1275 633 1336 SSmi
650 1277 711 1338 Pli
730 1279 857 1353 Papae
880 1285 939 1338 11
959 1298 1077 1357 super
1101 1287 1282 1349 nullitate
1306 1289 1399 1352 Pro-

293 1379 476 1442 fessionis
496 1383 684 1450 solemnis,
710 1400 786 1448 non
814 1390 1029 1462 praemissa
1054 1391 1290 1466 professione
1314 1398 1401 1460 sim·

293 1489 393 1564 plici.

638 1674 746 1742 PIUS
770 1676 896 1743 PAPA
918 1679 986 1746 IX.

526 1839 572 1884 AD
595 1839 796 1885 Purpuream
818 1839 877 1885 Bul
899 1842 1083 1890 usualem(

687 1975 930 2034 —w—

301 2191 367 2270 Ad
396 2191 633 2272 universalis
660 2191 863 2272 Ecclesiae
897 2192 1088 2297 regimen,
1118 2195 1205 2274 Deo
1243 2195 1301 2274 sic
1338 2196 1396 2276 di-

215 2324 426 2422 sponente,
457 2317 597 2411 vocati,
626 2345 699 2426 pro
726 2316 928 2424 pastorali,
950 2343 1030 2424 qua
1048 2343 1253 2422 urgemur,
1284 2319 1393 2400 solli-

216 2441 392 2522 citudine
419 2441 526 2523 haud
555 2442 897 2550 praetermisimus
925 2443 976 2522 ad
1004 2442 1211 2547 religiosas
1235 2471 1396 2551 quoque

216 2567 391 2647 familias
422 2568 568 2648 mentis
605 2569 745 2665 aciem,
785 2567 987 2674 animique
1022 2593 1141 2646 curas
1178 2567 1391 2668 intendere,

217 2702 264 2772 ut
291 2719 372 2792 eae,
402 2695 451 2774 de
479 2693 695 2773 christiana
722 2701 760 2772 et
787 2692 889 2772 civili
916 2691 1119 2799 republica
1148 2692 1296 2799 optime
1314 2719 1395 2772 me

216 2818 329 2918 ritae,
371 2819 422 2899 ad
463 2817 674 2924 pristinum
716 2817 972 2925 splendorem
1016 2824 1313 2916 revocarentur,
1356 2825 1394 2897 et

216 2944 509 3023 incrementum
538 2942 769 3048 acciperent.
809 2941 944 3021 Probe
979 2949 1111 3020 autem
1151 2941 1393 3046 agnovimus
1444 2977 1448 2983 ’

215 3069 454 3149 tristissimis
482 3067 592 3148 hisce
620 3067 881 3176 temporibus
906 3069 1054 3176 quibus
1082 3068 1232 3149 inimici
1252 3070 1392 3150 Crucis

212 3193 359 3276 Christi
391 3194 569 3274 humana
606 3193 817 3301 divinaque
854 3193 990 3273 omnia
1028 3194 1305 3299 pessumdare,
1344 3220 1392 3273 ac

213 3343 352 3397 mores
392 3328 617 3425 pervertere
654 3319 823 3418 student,
862 3317 1085 3397 maximam
1124 3315 1391 3398 adhibendam

213 3469 306 3523 esse
334 3470 485 3534 curam,
515 3443 830 3543 sollicitudinem,
869 3442 1125 3547 diligentiam,
1163 3441 1213 3521 ad
1249 3466 1390 3521 cerum

213 3567 400 3676 spiritum
427 3569 494 3668 uti,
523 3595 597 3676 par
622 3577 693 3668 est,
710 3567 975 3674 probandum,
991 3567 1057 3675 qui
1073 3575 1165 3647 vota
1195 3565 1391 3645 solemnia

213 3695 304 3774 Deo
332 3720 564 3800 nuncupare
592 3690 804 3802 postulant,
834 3720 883 3772 ne
920 3692 1010 3799 quis
1052 3691 1291 3787 admittatur,
1321 3689 1388 3796 qui

214 3819 365 3898 saeculi
394 3820 628 3923 contagione
657 3817 830 3924 pollutus
857 3816 1027 3896 electum
1051 3815 1194 3895 Christi
1223 3840 1389 3919 gregem

211 3945 382 4044 inficiat;
426 3944 487 4024 vel
524 3972 642 4025 verae
677 3943 897 4024 vocationis
937 3969 1096 4048 expers
1134 3942 1389 4047 susceptique

208 4069 380 4150 Instituti
408 4078 615 4176 pertaesus
643 4096 809 4174 gravem
837 4067 1044 4148 sodalibus
1072 4066 1298 4146 molestiam
1330 4065 1386 4144 in·

206 4197 312 4276 ferat
338 4221 432 4275 cum
461 4194 690 4302 disciplinae
718 4191 1027 4300 perturbatione,
1047 4199 1086 4270 et
1103 4189 1298 4294 regularis
1318 4188 1387 4267 oh-

203 4320 435 4402 servantiae
463 4319 702 4400 discrimine.
732 4319 898 4414 Idcirco,
929 4317 1062 4397 audito
1081 4324 1174 4395 voto
1190 4315 1279 4392 VV.
1301 4315 1384 4394 FF.

203 4447 300 4532 NN.
339 4447 379 4528 S.
419 4448 470 4527 R.
500 4449 545 4527 E.
584 4444 853 4528 Cardinalium
895 4440 1225 4547 Congregaticnis
1262 4465 1385 4546 super

1291 4602 1304 4643 5
