3550 5434
701 929 737 1032 a·
767 927 834 1006 2³¹³

312 1155 376 1235 De
402 1156 607 1260 Magistro
635 1157 887 1236 Novitiorum
919 1157 1081 1264 ejusque
1109 1158 1237 1237 Socio.

267 1441 411 1521 Exitus
440 1440 573 1522 felices
602 1440 827 1522 Novitiatus
869 1447 964 1520 sunt
1005 1439 1241 1545 praesertim
1269 1438 1365 1520 hau-

182 1563 312 1643 riendi
340 1565 391 1645 ab
420 1565 674 1646 observantia
710 1563 896 1668 regulari,
926 1563 1114 1644 laudabili
1143 1562 1362 1670 disciplina,

182 1696 223 1766 et
252 1687 485 1790 obedientia,
529 1689 615 1770 sine
655 1689 897 1787 limitatione,
927 1688 1083 1792 legibus
1111 1698 1150 1769 et
1176 1688 1364 1795 Superio-

185 1811 312 1892 ribus

266 1938 379 2033 Quae
406 1935 542 2016 omnia
570 1935 702 2040 magis
731 1935 943 2043 magisque
967 1963 991 2016 a
1019 1935 1216 2041 Magistro
1244 1934 1364 2014 Novi-

186 2060 335 2140 tiorum
363 2060 596 2166 dependent.
628 2060 746 2142 Unde
773 2061 898 2141 Clam.
919 2061 1024 2142 VIII.
1045 2061 1086 2139 in
1114 2061 1285 2141 Decreta
1310 2106 1362 2119 -

188 2185 291 2264 Cum
318 2184 376 2264 ccl
400 2185 648 2288 Repulorem
673 2184 935 2293 Disccplritam
955 2185 1227 2291 -praecepit
1254 2185 1363 2291 quod

182 2309 439 2389 Novitiorum
466 2308 661 2414 Magister
688 2310 750 2404 sit,
772 2310 871 2390 inter
900 2309 1141 2414 Religiosos
1162 2310 1362 2410 Sacerdos

183 2435 334 2538 gravis,
373 2434 552 2534 devotus
595 2434 791 2540 regularis
834 2435 936 2515 vitae
977 2434 1116 2531 cultor,
1160 2435 1360 2533 charitate,

184 2584 428 2665 morumque
465 2559 659 2639 suavitate
700 2559 915 2665 praeditae,
958 2559 1000 2638 in
1042 2566 1168 2638 aetate
1196 2561 1363 2664 triginta

182 2685 354 2791 qumque
382 2710 594 2778 arenarum,
624 2694 662 2764 et
690 2686 756 2791 qui
785 2712 856 2792 per
898 2685 1128 2765 decennium
1156 2691 1246 2764 ante
1270 2711 1363 2791 pro·

168 2811 396 2914 ,sessionem
424 2807 611 2889 emiserit.

266 2933 353 3012 Sot·
376 2934 582 3039 ildapistro
603 2937 705 3014 enim
732 2935 923 3014 tribulum
941 2941 999 3014 est
1020 2935 1249 3014 eorumdem
1275 2933 1364 3014 No-

181 3061 367 3138 vitiorum
395 3061 660 3165 consessiones
689 3061 921 3140 auscultare
927 3087 943 3152 ;
975 3060 1091 3140 liceat
1132 3073 1265 3142 tamen
1294 3089 1361 3140 su·
1488 3118 1491 3124 ,

179 3182 329 3291 periori
357 3183 471 3264 locali
501 3186 632 3283 eliam,
663 3185 696 3264 si
725 3185 778 3265 ita
811 3185 998 3292 expedire
1023 3185 1268 3293 judicaverit,
1301 3185 1361 3265 vel

179 3334 256 3416 per
292 3308 483 3415 seipsum,
527 3309 589 3388 vel
631 3336 702 3416 per
735 3309 857 3389 aliurn
899 3309 950 3389 ab
985 3337 1032 3390 eo
1075 3312 1360 3418 deputandum,

179 3433 313 3530 semel,
343 3443 411 3514 aut
439 3436 496 3512 bis
516 3437 556 3513 tn
583 3434 705 3514 Anno
725 3434 963 3515 eorumdem
980 3431 1238 3516 Novitiorum
1257 3439 1363 3518 Con·

182 3557 381 3638 sessiones
410 3557 559 3638 audire.

263 3682 331 3763 Ad
356 3681 492 3789 ipsum
520 3684 763 3787 Magistrum
807 3686 964 3764 tanturn
1005 3690 1159 3791 spectat
1200 3682 1360 3788 plenam

179 3815 219 3887 el
249 3805 477 3888 absolutam
505 3815 742 3914 potestatem
778 3807 882 3888 circa
927 3807 1183 3888 Novitiorum
1211 3806 1362 3886 institu-

179 3931 343 4029 tionem,
374 3943 411 4012 et
444 3932 669 4012 Novitiatus
704 3932 907 4036 regimen3
951 3961 999 4013 ac
1027 3931 1177 4012 nemini
1205 3941 1361 4037 praeter

179 4055 420 4136 Visitalores
448 4066 487 4136 et
514 4057 751 4164 Superiores
780 4057 958 4139 Maiores
988 4058 1027 4137 in
1056 4057 1104 4136 iis
1132 4084 1223 4136 sese
1251 4055 1361 4160 inge-

179 4206 273 4259 rere
301 4179 401 4260 licet.

262 4304 367 4384 Prae
394 4305 535 4412 primis
576 4303 774 4410 siquidem
807 4331 950 4385 curare
978 4305 1105 4392 debet,
1142 4314 1184 4385 ut
1214 4305 1357 4385 Novitii

179 4429 428 4532 Regularem
455 4427 718 4535 Disciplinam
760 4427 995 4527 observent3
1040 4429 1222 4511 oratione
1249 4456 1359 4508 men-
