3550 5434
928 569 1071 622 „34-

496 779 516 825 ι(
546 747 587 828 Si
615 748 705 853 quis
735 756 868 827 autern
888 759 1026 828 contra
1045 747 1360 853 praesumpserit
1384 755 1587 844 attentare,

416 902 436 950 u
466 874 498 951 is
526 898 571 951 eo
601 874 681 979 ipso
710 874 817 952 ononi
840 872 976 978 produ
1004 872 1209 978 officioque
1230 874 1426 979 precatus
1466 879 1503 950 ct
1532 869 1591 949 ad

416 1027 436 1074 «
466 1024 515 1076 co
535 1006 728 1104 perpetuo
758 996 943 1076 innacius
975 999 1126 1076 esistat
1156 1025 1192 1074 ».

491 1123 640 1201 Tractu
681 1122 872 1228 temporis
914 1121 1143 1228 hujusmodi
1186 1121 1522 1227 praescriptiones
1564 1148 1590 1198 a

411 1245 614 1327 nonnullis
644 1245 806 1328 Ordinis
834 1247 1116 1352 Superioribus
1159 1246 1363 1350 neglectae
1404 1246 1584 1325 fuerunt:

412 1371 504 1451 hinc
532 1372 573 1452 S.
602 1371 868 1474 Congregatio
906 1398 1028 1476 super
1068 1370 1287 1476 Disciplina
1328 1370 1501 1474 regulari
1536 1369 1588 1448 ab

411 1496 546 1575 lnnoc.
576 1495 664 1575 Xll.
694 1494 734 1574 in
762 1494 876 1574 Bulla
905 1496 1139 1576 Erectionis
1155 1497 1191 1600 5.
1223 1498 1259 1576 3.
1288 1495 1389 1573 inter
1417 1503 1586 1590 caetera,

411 1619 587 1699 instituta
616 1619 697 1718 luit,
727 1625 770 1697 ut
798 1627 989 1698 ecoctam
1016 1619 1199 1725 Repulae
1227 1621 1520 1698 observantiam
1540 1620 1591 1698 oi-

411 1745 581 1849 giloret;
609 1743 862 1822 decretorum
889 1747 1161 1824 coeecrtticnem
1189 1744 1424 1850 compleret;
1453 1745 1590 1822 omnia

405 1877 636 1978 perageret,
667 1895 769 1976 quae
798 1869 998 1949 advitam
1027 1870 1198 1976 perlecto
1234 1868 1465 1974 religiosam
1493 1895 1590 1948 oon-

412 1995 601 2074 ducerent
608 2019 619 2092 ;
662 2019 818 2073 necnon
853 1994 993 2099 poenis
1025 1998 1062 2072 et
1099 1995 1278 2073 censuris
1315 1993 1588 2072 ecclesiasticis

412 2125 549 2196 contra
579 2114 793 2194 renitentes
820 2114 1064 2220 procederet.

491 2241 541 2319 Et
561 2237 611 2317 ad
630 2239 817 2318 effectum
834 2236 1047 2316 inhaerens
1063 2239 1262 2318 mandatis
1281 2239 1460 2346 ejusdem
1482 2238 1589 2317 Pon-

411 2363 528 2444 tificis
556 2362 759 2441 lnn.X11.
793 2361 833 2440 in
875 2363 913 2442 d.
942 2361 1058 2441 Bulla
1084 2363 1119 2466 §-
1150 2363 1186 2442 3.
1217 2363 1279 2442 cit.
1309 2362 1445 2469 quood
1471 2364 1589 2442 licen-

411 2491 508 2568 tium
536 2485 826 2566 concedendam
848 2488 959 2564 circo
991 2509 1199 2570 nudentur
1227 2487 1587 2594 Respieodorum:

412 2623 449 2694 et
476 2613 516 2691 in
546 2611 708 2692 Constit.
738 2610 864 2716 ipsius
884 2610 1091 2690 Pontificis
1107 2617 1145 2714 ἕ.
1174 2614 1212 2692 2.
1233 2659 1283 2671 -
1303 2612 1587 2691 Sanctissimis

412 2741 451 2817 in
484 2738 642 2818 Christo
670 2737 803 2816 Pater
822 2783 873 2794 -
889 2761 1147 2820 spectamus
1161 2737 1345 2816 Decretis
1372 2737 1588 2843 unicnique

412 2862 548 2944 Ordini
579 2861 728 2958 indixit,
758 2869 801 2941 ut
834 2862 1044 2968 qrtotcnnc‘s
1081 2861 1358 2968 unusquisque
1394 2862 1588 2967 Superior

412 2986 619 3069 Generalis
646 2984 877 3090 imploraret
904 2985 1156 3064 Nocitiornm
1197 2987 1475 3094 Receptionem
1512 3012 1588 3093 pro

412 3137 652 3218 unaquaque
681 3109 893 3190 Provincia
934 3118 971 3189 et
998 3113 1217 3209 Conventa,
1261 3111 1472 3191 declarans
1514 3141 1589 3192 ηιι-

412 3265 566 3316 merum
595 3233 927 3342 Respicnclorum
954 3235 1039 3313 sive
1081 3235 1285 3333 laieorum,
1329 3236 1413 3314 sive
1451 3236 1588 3316 Chori-

414 3368 585 3442 starum:
607 3359 669 3440 cui
685 3357 858 3464 petitioni
877 3360 1019 3438 eadem
1036 3361 1076 3440 S.
1097 3360 1363 3464 Congregatio
1383 3360 1586 3440 ordinario

413 3484 589 3588 indulget
616 3483 673 3561 orl
699 3509 873 3574 nonum
902 3509 981 3588 quo
1010 3483 1146 3589 elapso
1190 3484 1331 3563 iteruin
1361 3492 1421 3564 est
1453 3511 1587 3564 recur-

327 3595 332 3603 ’
413 3611 595 3689 rendum.

494 3728 694 3813 Notantur
720 3731 811 3812 heic
839 3731 1025 3838 specialia
1052 3735 1232 3831 Decreta,
1263 3759 1484 3840 eorumque
1513 3734 1589 3814 ori-

414 3858 560 3963 ginem,
590 3865 632 3935 ut
659 3856 895 3962 Superiores
924 3857 1131 3962 respectivi
1160 3857 1329 3956 videant,
1373 3869 1509 3937 utrum
1546 3858 1589 3936 in

413 3982 489 4063 hac
517 4009 560 4060 re
589 3991 670 4061 tarn
700 3982 822 4086 gravi,
866 3980 1141 4061 adhibuissent
1181 3981 1423 4086 diligentiam
1461 3983 1589 4088 requi·

414 4106 543 4202 sitam,
574 4132 620 4184 ac
649 4105 814 4211 proinde
844 4105 1066 4184 Novitiatus
1107 4114 1145 4184 et
1173 4106 1453 4186 professiones
1496 4106 1590 4186 inde

413 4239 584 4326 secutae,
614 4231 693 4310 sint
721 4230 770 4309 ad
800 4257 987 4310 norrnarn
1014 4230 1350 4311 Constitutionum
1383 4230 1590 4337 Apostoli·

412 4382 552 4436 carum
580 4363 617 4434 et
646 4355 855 4435 Ordinurn.

491 4482 553 4559 En
570 4479 693 4559 series
712 4481 989 4575 Decretorurn,
1004 4505 1107 4584 quae
1123 4479 1162 4559 S.
1183 4479 1448 4585 Congregatio
1465 4507 1590 4587 super
