3550 5434
702 557 862 611 -149-

195 747 232 817 et
257 738 446 827 sulcatum
475 761 647 842 quorum
676 733 843 813 alterum
870 734 999 812 minus
1018 732 1177 826 licitum,
1199 729 1367 809 alterum

194 888 287 940 vero
317 861 482 940 irritum
500 858 800 939 matrimonium
820 857 1007 953 faciebam
1028 855 1141 935 sicuti
1161 853 1367 934 deducitur

191 1013 242 1065 ex
270 985 412 1064 Siricio
440 986 563 1090 Papa,
595 983 661 1090 qui
692 983 761 1063 IV.
778 981 983 1063 Ecclesiae
1015 979 1176 1059 saeculo
1205 977 1367 1057 Pontifi-

192 1119 281 1190 catu
308 1108 488 1190 maximo
531 1109 688 1188 functus
718 1115 789 1202 est,
819 1107 858 1186 in
888 1104 1066 1212 Epistola
1105 1105 1166 1202 10,
1195 1105 1295 1207 Pag.
1327 1103 1366 1180 1⁰

189 1234 272 1314 Col.
303 1234 393 1314 688.
425 1234 530 1340 apud
559 1232 838 1312 Constantium
866 1231 991 1337 Epist.
1023 1232 1198 1310 Roman.
1220 1226 1363 1306 Pontis.

271 1359 350 1440 Sed
378 1366 516 1438 nostra
558 1383 638 1437 uon
681 1357 843 1436 interest
870 1356 965 1436 illud
998 1355 1145 1434 Votum
1186 1353 1365 1460 Simpleoe

190 1483 444 1562 considerare
467 1482 581 1590 juxta
609 1489 783 1561 mentem
815 1479 954 1577 Siricii,
985 1479 1056 1559 sed
1085 1478 1263 1557 animum
1282 1502 1365 1554 ver-

189 1615 272 1687 tere
300 1608 351 1687 ad
384 1608 491 1686 Vota
519 1606 720 1713 Simplicio
749 1607 954 1686 a-Summo
974 1603 1179 1684 Pontefice
1197 1601 1274 1680 Pio
1293 1599 1363 1680 IX.

188 1758 282 1811 cum
310 1731 395 1812 suis
424 1730 780 1812 Constitutionibus
809 1730 1045 1828 introducta,
1074 1737 1112 1808 et
1140 1735 1234 1806 onte
1261 1727 1365 1805 Pro-

188 1858 399 1948 [33333333
426 1857 649 1936 Solcmncm
676 1854 901 1934 emittenda.

270 1983 334 2062 Ex
345 1979 555 2086 Enoyclioa
567 2007 674 2080 saue,
690 1980 902 2059 Neminem
912 1979 1050 2074 333331
1057 1977 1235 2056 9Martii
1239 1976 1322 2055 185
1327 1975 1364 2070 7,

187 2105 362 2185 decrevit
403 2107 509 2212 quod
551 2113 709 2212 peracta
738 2103 973 2210 probatione
1014 2110 1051 2181 et
1092 2101 1282 2181 novitiatu
1315 2102 1365 2181 ad

188 2229 438 2336 praescripta
465 2231 505 2310 S.
550 2229 711 2312 Concilii
754 2226 984 2323 Tridentini,
1028 2225 1363 2308 Constitutionum

187 2354 516 2460 Apostolicorum
544 2362 582 2433 et
608 2355 854 2436 Statutorum
884 2352 1058 2450 Ordinis
1086 2351 1238 2430 Nouitii
1261 2374 1364 2430 vora

186 2478 391 2585 Simplicia
419 2481 613 2574 emittant,
644 2491 858 2584 postquam
887 2474 1173 2582 compleverint
1196 2481 1363 2555 aetatem

186 2601 422 2708 requisitam
451 2629 474 2681 a
497 2602 597 2708 jure.

270 2725 458 2822 Professi
473 2734 563 2832 post
578 2727 827 2805 tricliniaria
847 2724 921 2823 die,
938 2750 1017 2830 quo
1037 2724 1145 2802 Vota
1159 2723 1365 2829 Simplicia

182 2848 406 2930 emiserunt
447 2851 771 2956 computandum,
802 2849 836 2928 si
869 2848 977 2953 digni
1018 2847 1276 2954 reperiantur,
1313 2847 1363 2927 ad

181 2975 488 3078 Prosessioncm
515 2975 738 3054 Solemnem
766 2973 1031 3080 admittantur.

267 3100 317 3177 Et
344 3097 384 3176 iu
413 3097 757 3178 Declarationibus
786 3098 865 3176 clici
893 3098 950 3177 18
977 3097 1090 3177 Junii
1113 3096 1237 3196 1858,
1257 3095 1363 3176 idem

180 3221 374 3302 Pontifex
402 3221 543 3329 inquit:

270 3346 310 3424 1⁰
348 3346 454 3425 Vota
482 3347 683 3452 Simplicia
712 3345 760 3426 de
789 3345 933 3451 quibus
962 3345 1092 3449 agitur
1123 3373 1143 3422 «
1165 3353 1364 3453 perpetuu

186 3500 208 3548 «
242 3477 358 3549 eruut
386 3497 441 3550 cm
460 3479 584 3578 purte
613 3475 746 3549 333333
747 3472 790 3564 ie,
820 3498 846 3548 u
849 3478 955 3609 ttpoe
986 3478 1131 3576 quaet
1115 3469 1280 3549 tendunt
1312 3469 1362 3550 ad

185 3625 206 3670 a
242 3593 353 3672 amitt
324 3594 457 3675 tteuda
485 3593 625 3674 deiude
644 3597 749 3674 Vota
764 3589 978 3690 sollemnia,
995 3592 1035 3673 in
1051 3593 1194 3700 quibus
1207 3596 1365 3701 persco-

185 3749 207 3796 «
242 3721 453 3798 tcooeme
481 3718 818 3824 complementum
847 3717 1108 3856 accipiunt»

268 3846 333 3924 Ex
375 3843 519 3948 quibus
560 3843 621 3922 dis
601 3850 727 3949 posit
678 3840 937 3922 sitiouibus
927 3843 1067 3981 1git3ur
1101 3869 1151 3922 ex
1192 3839 1362 3921 formula

176 3965 446 4074 professionis
473 3964 690 4075 simplicis;
720 3993 770 4045 ex
791 3968 980 4074 perpetui
985 3973 1067 4044 ttae
1096 3965 1182 4070 ejus
1210 3973 1364 4070 aparte

177 4090 390 4186 voventis;
420 4118 470 4171 ex
487 4091 745 4170 fundamento
762 4116 879 4196 aquo
901 4089 1022 4169 vitam
1041 4089 1148 4169 ducit
1166 4089 1362 4194 professio

178 4213 394 4310 solemnis,
427 4215 494 4294 ubi
523 4215 720 4295 invenitur
740 4212 994 4322 perfectioet
1012 4213 1361 4319 complementum,

178 4341 386 4420 videretur
414 4339 550 4447 quood
575 4339 861 4434 Substantiam,
893 4338 1046 4418 nullum
1066 4338 1208 4417 adesse
1227 4338 1364 4418 discri-

178 4491 282 4546 men
312 4463 411 4558 33333
438 4465 738 4568 Professioocm
767 4460 991 4570 Simpticcm
1018 4472 1056 4542 et
1082 4463 1315 4541 Sclcmaom.
