3550 5434
695 556 855 610 -191-

176 765 264 818 non
295 739 451 835 faceret,
480 736 586 816 cirea
615 736 971 842 adimplementum
1014 735 1149 816 oneris
1192 737 1367 843 impositi

178 865 221 942 in
242 863 414 962 indultis,
435 860 580 968 quibus
599 861 939 968 praescriberetur
958 889 1042 941 esse
1049 862 1366 969 praeterendum

177 989 366 1094 aliqucnn
387 993 552 1095 partein
581 986 772 1065 bonorum
803 1013 955 1083 eorum,
987 986 1207 1092 dequibus
1236 985 1367 1091 dispo-

176 1113 368 1207 nebatur,
395 1114 541 1212 furore
570 1111 749 1190 eiusdem
782 1111 963 1210 Ordinis,
993 1112 1053 1190 oet
1079 1133 1229 1191 euersae
1252 1114 1363 1218 piae.

265 1237 350 1315 Neo
379 1235 468 1315 licet
496 1235 678 1316 dubitare
707 1235 756 1314 de
786 1235 1067 1317 Iurisdictione
1104 1235 1230 1316 dictae
1267 1237 1368 1316 Con-

176 1359 447 1466 gregationis;
477 1387 656 1466 namque
683 1361 879 1440 Summus
908 1361 1095 1440 Pontifex
1123 1360 1222 1440 Pius
1261 1361 1365 1438 VIII.

176 1486 388 1594 proposito
418 1485 564 1565 dubio:
599 1517 619 1563 «
663 1490 729 1564 An
772 1485 822 1563 sit
858 1484 1166 1591 supplicandum
1206 1485 1364 1581 SSmo,

179 1642 202 1688 11
237 1619 281 1690 ut
309 1610 547 1716 privativam
571 1609 889 1715 jurisdictionem
919 1607 1200 1714 cognoscendi,
1241 1616 1278 1686 et
1307 1607 1367 1686 de·

180 1767 202 1812 «
236 1735 398 1815 finiendi
427 1734 694 1840 quaestiones
738 1760 841 1839 «luas
884 1733 979 1812 oriri
1023 1731 1229 1836 contigerit
1267 1732 1367 1810 inter

180 1891 202 1938 «
238 1860 476 1966 Superiores
504 1859 770 1961 Regularium
800 1859 1012 1954 Ordinum,
1043 1869 1080 1936 et
1108 1859 1156 1937 R.
1187 1859 1229 1936 C.
1269 1858 1367 1963 Spo-

182 2017 204 2061 «
237 1984 385 2064 liorum
414 1983 759 2063 administratores
792 1984 898 2062 circa
940 1983 1302 2089 interpretationem
1331 1990 1368 2060 et

183 2140 204 2188 «
238 2109 547 2214 explicationem
592 2111 727 2190 Const.
775 2108 896 2211 Greg.
943 2109 1049 2188 XIII.
1094 2107 1155 2187 die
1202 2110 1250 2186 21
1300 2111 1368 2188 Ja-

181 2265 204 2312 «
237 2233 368 2312 nuarii
401 2233 516 2327 1577,
547 2257 650 2338 quae
678 2232 813 2337 incipit
848 2231 998 2312 Nostri
1030 2231 1168 2337 Officii
1197 2259 1216 2304 a
1250 2230 1365 2309 alicui

181 2391 204 2438 «
237 2387 291 2440 ex
319 2358 454 2438 Sacris
483 2357 871 2460 Congregationibus
912 2355 1086 2436 tribuere
1128 2357 1362 2458 dignetur»

179 2480 248 2560 die
275 2478 338 2559 26.
368 2477 475 2560 Iunii
507 2476 610 2558 1829
640 2523 691 2536 —
720 2476 884 2555 rescribi
910 2476 1114 2556 mandavit
1137 2485 1220 2554 «ut
1248 2501 1367 2581 quae

183 2637 206 2682 «
239 2603 399 2701 stiones
416 2611 535 2708 prout
548 2602 587 2679 in
604 2601 736 2697 dubio,
755 2610 1051 2705 cognoscantur
1070 2609 1107 2679 et
1126 2601 1366 2680 definiantur

183 2760 207 2808 «
240 2757 267 2807 a
296 2732 336 2810 S.
364 2727 680 2832 Conprepntiono
708 2726 1001 2834 Episcoporum
1028 2735 1065 2806 ct
1084 2727 1362 2828 chnlarium,

184 2883 206 2930 «
238 2880 319 2932 non
351 2853 597 2930 obstantibus
645 2851 992 2930 Constitutionilrus
1035 2851 1271 2957 Apostoticis
1317 2849 1366 2929 dc

184 3009 207 3054 «
241 2977 397 3083 Sporus,
427 2985 464 3054 et
505 2976 710 3078 signanter
751 2975 933 3079 Gregorii
975 2975 1081 3055 XIII.
1112 2976 1186 3055 diei
1215 2977 1263 3055 21
1303 2977 1367 3057 Ja-

185 3134 207 3178 «
240 3101 369 3180 nuarii
387 3101 488 3180 1577
509 3147 560 3158 —
584 3099 723 3206 Officii
737 3101 894 3198 Nostri,
920 3101 1136 3180 inveterata
1152 3107 1367 3180 consuetu-

184 3257 205 3301 «
240 3225 341 3324 dine,
371 3223 700 3321 ordinationibus
732 3224 898 3329 aliisque
926 3224 966 3303 in
995 3225 1241 3306 contrarium
1281 3223 1367 3329 qui-

185 3382 207 3427 «
239 3349 495 3454 buscumque
523 3377 560 3427 ».
671 3376 677 3384 ’

267 3473 420 3570 Quibus
449 3473 600 3579 positis
630 3474 959 3553 admnistratores
988 3475 1038 3552 R.
1068 3475 1110 3552 C.
1132 3473 1365 3578 Spoliorum

183 3624 293 3678 anno
317 3597 418 3677 1836
438 3644 489 3655 -
509 3598 695 3677 eamdem
714 3601 860 3702 Congr.
881 3601 962 3680 Eu.
989 3605 1025 3676 et
1044 3597 1133 3676 ΗΒ.
1158 3608 1363 3700 rogarunt,

182 3730 229 3802 ut
258 3720 531 3827 quaestionem
566 3721 809 3801 dissolveret.

271 3854 387 3926 «An
417 3846 641 3951 pensiones,
672 3874 828 3952 quaea
869 3847 1055 3954 pubblico
1094 3850 1248 3929 aerario
1291 3848 1363 3928 sol·

187 4002 209 4046 «
240 3978 388 4048 vuntur
430 3971 698 4073 Regularibus
741 3980 854 4050 extra
897 3973 1078 4051 Claustra
1116 3972 1363 4076 degentibus,

188 4121 209 4168 «
240 4089 446 4169 habendae
475 4090 553 4169 sint
580 4098 789 4196 tamquam
818 4093 1032 4198 pensiones
1062 4093 1362 4192 ecclesiasticae,

188 4245 210 4292 «
241 4211 293 4292 ita
322 4221 376 4313 ut,
406 4225 549 4294 natura
577 4241 663 4312 sua,
693 4216 821 4320 spolio
850 4216 1088 4322 subjaceant.
1121 4219 1169 4298 Et
1198 4217 1238 4296 S.
1266 4218 1362 4296 Con-

188 4368 210 4415 «
241 4338 419 4441 gregatio
449 4340 588 4419 eodem
619 4365 718 4419 ann:
749 4340 810 4419 die
838 4339 863 4417 6
892 4340 999 4421 Junii
1027 4388 1078 4399 -
1097 4341 1364 4446 Negatice—

187 4491 209 4537 «
242 4461 417 4566 reposuit
445 4491 482 4541 a.
