3550 5434
749 549 910 606 ..125-

323 763 343 810 «
372 733 474 812 Cum
503 731 543 810 in
570 733 612 812 S.
641 731 962 836 Congregatione
989 731 1072 810 EE.
1103 737 1141 809 et
1168 732 1260 839 Ra,
1281 730 1418 811 Cardi-

241 888 264 936 «
293 856 443 938 nulium
461 857 717 965 Disciplinae
744 856 1017 960 Repalariam
1036 855 1262 962 praeposita
1285 854 1418 934 babila

240 1014 264 1061 «
292 982 333 1060 in
347 981 501 1062 Palatio
516 979 707 1078 Quirinali
724 979 786 1059 die
802 981 848 1059 ΙΙ.
864 979 1018 1059 mensis
1029 981 1204 1083 Augusti
1219 1007 1282 1059 an.
1301 980 1416 1060 1795.

241 1136 264 1183 «
294 1104 345 1186 ab
382 1106 487 1185 uno
519 1103 666 1184 Gerclil
691 1106 872 1184 Ponente
904 1103 1051 1183 relatae
1094 1103 1236 1183 fuerint
1278 1129 1419 1210 preces

239 1265 262 1309 «
294 1258 318 1310 a
345 1232 427 1310 PP.
457 1229 681 1311 Carmelitis
709 1228 902 1309 Calceatis
931 1228 1168 1310 Provinciae
1204 1231 1419 1310 Romanae

241 1387 264 1433 «
293 1355 421 1436 SSmo
440 1357 545 1435 Dno.
565 1354 665 1434 Nro
684 1356 821 1460 Papae
840 1353 915 1432 Pio
937 1355 1005 1433 Vl.
1026 1352 1152 1451 datae,
1169 1360 1207 1432 et
1226 1379 1250 1432 a
1269 1353 1419 1434 Sancti·

240 1511 264 1558 «
293 1488 371 1562 tate
399 1481 479 1559 Sua
494 1479 544 1559 ad
563 1479 748 1559 eamdem
767 1478 806 1557 S.
829 1477 1191 1582 Congregationem
1209 1477 1418 1578 remissae,

240 1601 439 1710 «quibus
482 1629 627 1709 nempe
668 1600 945 1708 postulabatur
984 1603 1202 1707 abrepatio
1253 1601 1420 1682 Procris

241 1757 262 1804 «
294 1751 417 1834 penes
445 1725 572 1806 dictos
600 1726 826 1830 Regulares
854 1725 1032 1805 invectae
1060 1726 1256 1807 tribuendi
1285 1726 1420 1807 simul-

241 1881 264 1929 «
295 1859 421 1950 tanea,
464 1850 544 1948 uni,
583 1850 793 1957 eidemque
836 1850 1042 1954 Religioso
1071 1878 1163 1948 noe,
1192 1851 1255 1930 vel
1282 1875 1420 1932 rauna

243 2007 266 2055 «
297 1976 621 2084 incompatibilia
638 1978 800 2056 mania:
830 1976 922 2056 Emi
941 2002 989 2054 ac
1009 1975 1121 2056 Rani
1139 1978 1228 2057 DD.
1254 2003 1421 2083 respon-

243 2131 266 2179 «
295 2103 437 2183 derunt
465 2147 516 2159 -
549 2100 839 2181 Consalenclam
869 2128 951 2180 asse
995 2101 1137 2181 SSme
1175 2127 1253 2208 pro
1292 2103 1422 2209 publi-

244 2258 266 2302 «
297 2227 455 2304 catione
495 2224 648 2303 clecreti
683 2225 913 2322 Generalis,
945 2251 1022 2332 qao
1043 2225 1332 2333 prohibeatur,
1367 2251 1422 2307 uu

245 2379 268 2429 «
296 2373 338 2429 m
356 2371 603 2440 ouoouuouu
621 2350 905 2432 Rucumaruu
926 2351 1088 2430 Ouarna
1102 2349 1326 2430 Socrnmra
1339 2375 1422 2434 Aur

245 2504 266 2550 «
297 2475 517 2570 Irsrrrura
547 2472 625 2552 aaa
653 2475 795 2552 munia
823 2481 896 2553 aiil
923 2473 971 2553 cle
997 2473 1113 2574 Jare,
1142 2483 1215 2554 aat
1243 2502 1296 2554 ea
1320 2473 1422 2555 Con-

246 2629 268 2674 «
296 2597 552 2676 stitutionem
578 2597 911 2704 Apostolicorum
945 2598 1221 2704 praescripto,
1251 2599 1334 2677 siae
1366 2623 1420 2676 ecc

246 2753 267 2799 «
290 2719 553 2829 procidentia
573 2722 878 2828 particularem
912 2721 1246 2802 Constitutionam
1275 2723 1422 2800 incom-

247 2879 269 2924 «
294 2847 502 2956 patibilia,
551 2845 619 2924 uni
661 2845 866 2952 eidemque
908 2845 1117 2926 Personae
1160 2847 1418 2954 imposterum

247 3003 268 3049 «
299 2973 578 3076 conserantur.

329 3127 349 3174 «
377 3096 494 3192 Quod
522 3094 683 3202 quidem
725 3095 983 3201 Rescriptum
1024 3095 1065 3174 in
1107 3096 1304 3176 audientia
1348 3095 1423 3176 diei

248 3251 270 3298 «
301 3219 350 3300 19
361 3220 451 3300 dicti
462 3219 626 3318 mensiS,
638 3226 676 3298 et
690 3219 781 3299 anni
797 3218 942 3317 habita,
960 3247 1030 3326 per
1045 3248 1111 3300 me
1126 3220 1423 3326 infrascriptum

248 3376 271 3424 «
298 3344 577 3441 Secretarium,
593 3345 804 3424 Sanctitas
819 3345 908 3423 Sua
915 3346 1152 3452 plenissime
1170 3347 1420 3452 approbarit,

248 3500 270 3548 «
300 3475 337 3548 et
363 3467 466 3547 illius
504 3468 792 3563 executionem,
823 3477 860 3547 et
902 3469 1070 3550 Decreti
1105 3470 1424 3576 publicationem

248 3623 271 3669 «
300 3591 470 3688 edicere,
501 3600 538 3670 et
557 3592 705 3698 jubere
734 3591 895 3696 dignata
924 3601 995 3672 est.

332 3747 352 3794 «
379 3716 653 3814 Quamobrem
682 3717 824 3797 eadem
852 3717 892 3798 S.
914 3718 1181 3823 Congregatio
1194 3720 1424 3827 praesentis

248 3875 271 3922 «
304 3843 518 3923 Generalis
549 3844 714 3922 Decreti
742 3843 793 3941 vi,
825 3853 1029 3924 antenore
1059 3845 1206 3927 dictam
1224 3846 1423 3942 Procrin«,

251 4001 272 4047 «
301 3994 374 4048 seu
408 3967 541 4074 potius
579 3969 747 4048 abusam
769 3970 896 4074 plara
927 3969 1062 4074 officio
1101 3969 1425 4077 incompatibilia

251 4125 273 4170 «
304 4094 385 4191 ani,
406 4092 611 4198 eiclcmqae
626 4092 837 4171 Personae
853 4093 1102 4195 conserendi,
1119 4095 1204 4174 sive
1223 4094 1262 4173 in
1279 4094 1425 4174 dictam

251 4247 274 4294 «
303 4218 606 4298 Carmelilarum
626 4215 912 4316 Calceatorum,
934 4219 1018 4298 sive
1037 4219 1156 4299 ctiam
1176 4219 1216 4298 in
1237 4218 1313 4298 alia
1332 4245 1426 4326 qua-

253 4371 275 4418 «
305 4340 397 4421 libet
424 4350 507 4422 tam
535 4342 729 4448 ipsorum,
750 4369 872 4448 qaam
889 4365 1131 4432 aureuoauu
1146 4365 1425 4432 oeuucuuouu

254 4495 276 4542 «
307 4467 586 4548 Rnounamuu
613 4465 839 4548 Paovmora
867 4464 1081 4563 invectum,
1106 4467 1268 4574 penitas
1293 4489 1427 4572 repro
