3550 5434
882 479 1041 535 -156-

381 657 664 765 «patefecerit,
705 656 1000 764 quamvisjam
1041 640 1259 762 protessus
1290 681 1312 733 e
1342 651 1556 756 Religione

341 767 346 778 ’
382 813 400 860 u
431 782 570 863 dimitti
599 781 725 887 possit
753 810 787 860 n.

458 910 507 987 Et
547 907 585 985 in
629 905 987 986 Constitutionibus
1028 902 1188 984 Ordinis
1230 901 1553 1008 Capueeinorum

377 1036 479 1141 q'uae
507 1063 528 1114 u
558 1035 598 1114 S.
628 1035 730 1115 Sede
757 1033 797 1112 in
817 1034 947 1112 formu
974 1030 1160 1137 speeifioa
1188 1030 1446 1108 confirmatae
1465 1030 1554 1109 fue-

377 1167 479 1257 runt,
509 1161 603 1263 Cap.
634 1158 671 1256 2,
701 1157 908 1264 sequentia
935 1155 1135 1260 leguntur.
1172 1154 1284 1250 «Qui
1314 1152 1550 1259 elephantia,

380 1282 589 1368 «morbo,
616 1284 779 1382 caduce,
823 1289 891 1362 aut
932 1279 1008 1360 alia
1049 1279 1275 1358 infirmitate
1316 1278 1551 1383 oontagiosa

381 1437 400 1484 «
430 1407 600 1488 afficitur
627 1434 705 1487 non
738 1408 976 1513 recipietur.
993 1407 1057 1484 ‘Et
1083 1404 1115 1482 si
1136 1403 1227 1508 quis
1245 1401 1334 1482 talis
1362 1411 1551 1508 aceeptus

380 1560 403 1608 «w
430 1533 556 1627 fuerit,
586 1559 633 1611 eo
663 1532 771 1638 quod
800 1532 1079 1635 interrogatus
1111 1529 1227 1607 tentem
1269 1527 1551 1632 infirmitatem

379 1685 398 1733 «
429 1659 698 1761 manifestere
726 1656 915 1750 notuerit,
954 1652 1176 1733 deelarutur
1213 1653 1466 1755 Retipr'onem
1492 1651 1553 1728 od

381 1810 400 1857 «
430 1806 518 1860 eum
546 1781 798 1860 retinendum
825 1780 990 1857 minime
1017 1777 1109 1855 nette
1137 1802 1227 1855 esse
1266 1769 1481 1879 obligatam
1509 1802 1548 1853 n.

456 1905 520 1984 Ex
548 1904 693 2010 quibus
713 1906 800 1983 trin
828 1903 1097 1983 dedueuntur.
1138 1901 1173 1978 1.
1206 1898 1258 1980 Ut
1286 1900 1376 2004 quis
1404 1897 1549 1978 morbo

376 2029 426 2108 sit
454 2028 634 2108 detentus
664 2037 758 2108 onte
793 2029 1093 2136 professionem
1120 2072 1133 2082 -
1161 2025 1198 2104 2.
1228 2024 1495 2126 interrogatus
1523 2051 1549 2102 a

375 2151 588 2258 Superiore
617 2152 721 2232 eirea
764 2150 965 2236 morbum,
995 2176 1075 2255 quo
1104 2147 1321 2246 tenebatur,
1355 2148 1507 2228 retinuit
1534 2195 1550 2206 -

376 2277 412 2355 3.
443 2282 588 2374 tamen,
618 2275 668 2355 ab
698 2303 746 2355 eo
775 2275 1015 2382 praepedit0,
1056 2271 1348 2380 professionem
1385 2273 1547 2353 emittat

375 2402 420 2480 In
449 2400 526 2480 hoe
567 2427 663 2480 oasu
707 2401 825 2480 etiam
869 2402 957 2478 sino
994 2399 1080 2504 ejus
1123 2423 1328 2491 consensu,
1358 2425 1418 2485 s1o
1444 2397 1550 2476 Pro

373 2527 518 2626 fessus,
539 2533 673 2632 potest
701 2524 935 2631 dispersori
962 2525 1021 2603 net
1046 2524 1199 2603 ‹lr'nu'ttr'
1227 2551 1250 2603 a
1279 2522 1502 2629 Religione.

453 2648 556 2744 Quid
598 2649 630 2727 si
679 2649 901 2755 infirmitas
938 2649 1210 2755 supervenerit
1255 2659 1346 2756 post
1389 2646 1550 2729 Profes-

375 2773 553 2854 sionem?

454 2897 552 2977 Pius
580 2897 693 3003 Papa
720 2898 778 2977 IX
808 2899 849 2976 in
879 2898 946 2977 eit.
976 2897 1171 2976 declarat.
1188 2894 1547 3004 superEnoyelieis

373 3019 441 3101 litt.
473 3021 535 3100 19.
565 3023 683 3100 Mart
729 3021 844 3120 1857,
874 3048 913 3102 n.
943 3024 969 3102 5
997 3021 1148 3102 edixit·
1172 3022 1302 3104 Nemo
1331 3030 1464 3102 autem
1491 3047 1547 3100 eos

374 3175 501 3227 consu
531 3147 799 3250 infirmitatis,
815 3154 909 3253 post
928 3141 1226 3254 professionem
1246 3155 1424 3227 rotomum
1450 3147 1547 3225 sim-

364 3273 536 3378 plicium
564 3277 836 3376 superventuro,
867 3271 1008 3350 dimitti
1026 3271 1179 3378 poterit.

453 3397 504 3474 Et
530 3397 570 3476 S.
600 3395 878 3499 Congregatio,
899 3396 1008 3475 hisce
1028 3396 1163 3476 innixa
1184 3396 1384 3496 doctrinis
1405 3422 1544 3502 preces

373 3547 394 3600 a
423 3519 704 3626 Superioribus
724 3521 774 3600 ad
794 3519 902 3600 huno
930 3521 1115 3600 effectum
1130 3521 1365 3627 plerumque
1380 3519 1542 3616 delatas

373 3645 604 3726 omnimode
632 3644 776 3750 rejecit.
1018 3653 1021 3656 ’

451 3771 548 3850 Jure
576 3795 684 3864 sane,
706 3769 798 3874 quia
818 3793 937 3848 secus
966 3765 1123 3847 afflietio
1139 3769 1348 3848 adderetur
1376 3765 1542 3863 afflietis3

372 3893 513 3976 etheo
542 3904 602 3973 est
630 3902 767 3973 eontra
796 3890 999 3974 Ecclesiae
1032 3891 1275 3972 charitatem.

452 4017 554 4114 Quid
583 4018 615 4095 si
646 4017 685 4096 in
712 4016 918 4114 Professu
948 4022 1038 4122 post
1053 4015 1356 4121 professionem,
1372 4015 1542 4121 infirmi-

373 4149 436 4222 tas
465 4144 748 4248 supersederit,
780 4149 817 4220 et
845 4140 895 4220 ad
931 4139 1280 4246 dispensationem,
1319 4165 1543 4220 consensus

373 4271 574 4370 praestare
603 4271 782 4370 nequeat,
813 4264 904 4371 quia
930 4267 1069 4366 fuctus
1097 4267 1239 4344 mentis
1268 4265 1423 4374 impos?

451 4388 580 4468 Etiam
611 4389 650 4466 in
679 4387 755 4468 hoe
783 4416 880 4470 casu
908 4389 1139 4496 Apostoliea
1176 4389 1301 4470 Sedes
1342 4387 1545 4495 dispensa·
