3550 5434
692 940 729 1043 S·
758 941 827 1018 4³¹⁸

332 1170 396 1250 De
429 1170 692 1250 Successione
728 1169 1030 1274 Retipiosorum
1063 1169 1188 1246 relate

516 1349 573 1427 cd
598 1350 651 1427 R.
685 1347 728 1428 C.
757 1347 1001 1455 Spoliorum.

251 1601 375 1678 Anno
418 1597 522 1678 1827
568 1599 766 1678 Summus
812 1594 1000 1677 Pontifex
1041 1599 1125 1676 Leo
1168 1595 1256 1674 XII.
1301 1595 1351 1674 ad

167 1721 412 1803 auferendas
454 1723 664 1802 continuas
705 1720 891 1826 querelas
928 1721 1193 1827 Superiorum
1236 1718 1352 1799 Ordi-

166 1873 287 1948 num,
308 1853 345 1925 et
372 1847 593 1927 haeredum
612 1845 924 1957 Religiosorum,
947 1845 1014 1950 qui
1035 1854 1148 1924 extra
1167 1842 1351 1924 Claustra

168 1971 429 2070 decedebant,
455 1971 780 2051 Commissioncm
798 1972 840 2049 S.
857 1971 907 2050 R.
925 1971 970 2050 E.
987 1971 1032 2050 C.
1051 1968 1227 2069 instituit,
1250 1996 1353 2075 quae

168 2120 299 2200 super
338 2094 594 2175 successione
636 2090 938 2197 Religiosorum
966 2119 1154 2172 normam
1192 2118 1355 2196 genera-

168 2218 258 2298 lem
285 2223 494 2298 statueret:
533 2227 570 2297 et
598 2218 649 2298 ad
677 2217 863 2297 ellectum
892 2217 965 2298 tria
994 2217 1113 2298 dubia
1150 2217 1354 2324 proposita

171 2343 350 2422 fuerunt.

290 2466 327 2545 1⁰
358 2493 378 2542 c
408 2463 480 2546 Cui
509 2474 708 2572 competat
736 2466 804 2572 jus
845 2465 1084 2546 succedendi
1127 2465 1355 2546 haereditati

177 2622 201 2670 «
230 2590 448 2696 Regularis
476 2592 646 2696 professi
665 2593 890 2672 decedentis
919 2603 1032 2673 extra
1061 2593 1255 2690 Claustra,
1286 2593 1354 2696 qui

178 2747 203 2796 c
232 2715 514 2821 Apostolicum
555 2717 755 2798 indultum
801 2717 968 2800 obtinuit
1010 2717 1198 2798 manendi
1240 2729 1355 2798 extra

25 2956 26 2961 Ἰ
178 2873 203 2920 (ι
234 2841 421 2922 Claustra
447 2841 506 2920 act
531 2850 694 2949 lempna,
723 2851 874 2923 retento
903 2841 1051 2934 habitu,
1081 2844 1139 2924 ool
1165 2851 1263 2923 ocsto
1292 2843 1357 2923 sui

180 2997 205 3045 ι(
238 2965 410 3046 Ordinis
439 2967 621 3046 ‹limissm

288 3090 331 3169 2⁰
361 3119 382 3168 «
413 3090 488 3171 Cui
516 3099 715 3197 competat
738 3091 815 3196 jus·
846 3092 1087 3172 succedendi
1130 3090 1358 3171 haereditati

182 3245 207 3294 ι(
235 3213 450 3319 Reguluris
469 3214 661 3313 Professi,
683 3216 751 3320 qui
770 3216 945 3295 infausto
965 3223 1149 3296 anteacto
1166 3224 1358 3321 tempore,

183 3370 207 3418 «
237 3339 384 3446 ejectus
412 3337 569 3444 publica
597 3339 633 3416 vi
663 3340 922 3440 aCoenobiO,
943 3348 981 3420 et
1000 3348 1108 3420 veste
1127 3338 1190 3419 sui
1210 3339 1360 3419 ordinis

185 3496 209 3543 (ι
238 3462 474 3570 expoliatus,
503 3463 755 3543 rationabiles
784 3491 930 3544 causae
959 3465 994 3544 ei
1036 3465 1281 3562 obstiterunt,
1311 3489 1361 3542 ne

184 3619 208 3666 ι(
238 3587 467 3668 successive
495 3587 783 3693 tranquillitatis
802 3597 982 3694 tempore
1001 3588 1051 3668 ad
1076 3615 1199 3668 suum
1219 3588 1362 3667 rediret

186 3743 211 3791 t<
238 3711 500 3808 Coenobium,
529 3712 693 3816 suisque
722 3712 882 3793 Ordinis
911 3720 1361 3792 vestemreassumeret.

295 3838 335 3917 3⁰
368 3865 388 3911 r
417 3836 490 3917 Cui
519 3844 717 3940 competat
744 3837 811 3943 jus
852 3837 1090 3917 succedendi
1133 3835 1362 3915 haereditati

187 3987 212 4039 ι(
239 3959 454 4063 Regularis
496 3959 685 4060 professi,
729 3960 795 4065 qui
840 3961 1119 4067 Apostolicum
1160 3959 1363 4039 indultum

188 4113 212 4163 «
240 4083 406 4164 obtinuit
433 4084 662 4189 acquirendi
690 4083 808 4182 bona,
839 4083 1100 4164 haereditates
1142 4093 1180 4208 ep
1220 4081 1362 4186 legata,

188 4237 213 4286 c
241 4208 354 4287 etde
382 4207 525 4288 iisdem
554 4206 758 4312 acquisitis
785 4207 1036 4314 disponendi,
1079 4213 1116 4286 et
1159 4207 1364 4311 signanter

188 4361 211 4410 <t
241 4331 276 4410 si
303 4331 507 4438 dispositio
537 4331 654 4411 fuerit
681 4331 732 4411 ad
761 4358 907 4411 causas
937 4332 1036 4438 piaS,
1066 4341 1104 4412 et
1132 4331 1268 4412 lavore
1287 4331 1365 4408 Re·

194 4483 216 4532 «
247 4455 416 4559 ligionis„
434 4484 469 4538 ›>.
