3550 5434
737 565 879 621 ..73-

740 859 776 964 a·
807 861 874 940 3³¹⁸

215 1107 484 1215 Aneuposra
493 1105 894 1214 doctrinoproltuliu
909 1114 945 1184 et
956 1104 1101 1183 insulis
1121 1102 1397 1208 adjacentibus

433 1268 483 1346 sit
512 1263 751 1374 applicando
779 1267 867 1344 ulica
895 1253 1174 1343 Notionibus?

301 1480 407 1558 Inter
437 1477 637 1584 Officiules
664 1477 705 1558 Sa.
734 1476 1065 1581 Congregationis
1102 1483 1141 1554 et
1181 1473 1395 1555 nonnullos

218 1605 459 1713 Superiores
488 1601 684 1684 Ordinum
713 1601 859 1706 agitata
887 1612 948 1682 est
975 1600 1212 1707 plerumque
1253 1625 1397 1707 propo-

218 1729 298 1810 sita
325 1727 505 1836 quaestio
534 1773 584 1786 -
614 1727 763 1807 aientes
790 1726 955 1806 secundi
982 1773 1031 1785 -
1060 1727 1273 1806 Romanos
1293 1725 1397 1805 Pon·

218 1854 347 1935 tifices
374 1854 554 1933 toreutice
580 1851 737 1932 locutos
765 1851 889 1931 fuisse
931 1851 981 1930 de
1022 1849 1130 1931 Italia
1172 1858 1217 1936 et„
1250 1849 1405 1930 Insulis·

220 1975 520 2073 adiacentibus3
550 1976 642 2056 hino
670 1975 824 2057 incivile
852 2002 943 2054 esse
984 1974 1072 2054 illas
1113 1973 1396 2080 dispositiones

220 2105 273 2184 ad
303 2101 400 2183 adias
429 2101 641 2180 extendere
669 2100 861 2180 Nationes
882 2147 933 2158 -
953 2101 1061 2204 quod
1076 2099 1190 2206 juxta
1208 2098 1396 2179 scientiae

219 2227 373 2308 monita
400 2225 565 2305 forsitan
595 2234 654 2304 est
682 2247 850 2304 verum:
879 2223 1082 2304 tamenin
1115 2249 1213 2304 casu
1255 2230 1395 2303 nostro

218 2359 404 2430 concreto
433 2357 470 2429 et
504 2349 666 2458 speciali
703 2347 828 2429 multa
871 2356 965 2428 sunt
1001 2347 1303 2454 consideranda.
1346 2349 1397 2428 Et

218 2475 356 2554 Pruni
380 2501 519 2553 revera
547 2501 598 2553 ex
618 2472 820 2580 principiis
839 2472 1008 2554 coeteris
1028 2481 1240 2576 arguentes
1261 2471 1396 2551 obser-

217 2606 315 2678 vant
329 2643 380 2658 -
400 2598 532 2678 Unum
547 2625 637 2678 asse
652 2598 846 2680 Ordinem
862 2597 1113 2701 Religiosum
1129 2641 1180 2656 -·
1191 2620 1395 2701 unamque

217 2723 420 2804 entitatem
448 2711 500 2782 -ὲ
533 2722 797 2828 eamdemque
839 2731 1025 2801 naturam
1067 2728 1368 2826 repraesentare
1382 2747 1393 2818 ;

217 2848 486 2954 eumdemque
515 2847 638 2927 finem
666 2846 839 2944 habere:
877 2847 1099 2951 iisdemque
1140 2845 1396 2926 Constitutio-

216 2973 338 3052 nibus
366 2971 668 3078 obtemperare:
697 2971 747 3051 ab
785 2971 928 3052 eodem
963 2969 1105 3077 vCapite
1140 2971 1181 3073 (a
1221 2972 1394 3050 Summo

215 3096 428 3201 Pontifice)
458 3121 673 3193 emanare:
702 3123 749 3176 66
777 3095 944 3202 proinde
972 3095 1014 3174 id
1039 3094 1146 3202 quod
1185 3121 1258 3201 pro
1300 3094 1394 3176 Uno

217 3220 424 3326 Religioso
443 3229 527 3302 arat
547 3221 816 3303 constitutum.
839 3246 912 3327 pro
933 3221 1055 3300 altero
1072 3219 1393 3299 constituendum

216 3356 303 3426 erat
317 3373 328 3442 ;
360 3373 479 3427 secus
521 3345 627 3426 anim
669 3346 746 3425 hoc
781 3345 1041 3425 descenderet
1081 3343 1303 3424 absurdum
1342 3390 1393 3402 -

215 3505 381 3586 nempe:
411 3479 513 3559 idem
540 3479 791 3560 Individuum
811 3479 869 3558 ud
886 3478 989 3558 idem
1007 3504 1155 3585 corpus
1175 3477 1391 3583 pertinenS,

215 3603 376 3684 diverso
404 3603 587 3709 regimini
615 3631 706 3684 esse
734 3603 959 3683 subiectum
984 3603 1099 3709 juxta
1131 3602 1312 3681 diversas
1353 3601 1394 3680 in

214 3728 369 3808 mundo
388 3728 647 3808 mansiones:
677 3736 816 3808 contra
834 3726 1093 3833 Apostolioae
1111 3725 1227 3808 Sedis
1246 3726 1392 3831 agendi

214 3851 438 3951 rationem,
486 3878 588 3959 quae
634 3852 870 3959 plerumque
915 3851 1107 3958 principia
1147 3859 1186 3930 at
1228 3851 1389 3956 regulas

214 3977 477 4056 determinate
510 3976 718 4084 proponit;
762 4003 808 4056 66
850 3977 992 4056 deinde
1033 4003 1103 4056 eas
1145 3976 1195 4055 ad
1238 3975 1393 4081 species

212 4101 368 4183 similes
395 4102 508 4182 facile
536 4102 717 4184 deducit:
738 4128 790 4180 ex
810 4128 889 4207 quo
911 4102 1150 4199 factumest,
1171 4109 1214 4179 ut
1233 4100 1391 4180 formali

212 4228 314 4324 iure,
356 4225 520 4332 iureque
566 4225 803 4316 authentice,
850 4224 1073 4305 Ecclesiam
1114 4221 1392 4305 universaliter

213 4357 342 4454 regat,
372 4359 409 4431 et
437 4350 672 4432 constitutas
696 4350 856 4455 regulas
877 4349 917 4428 in
936 4349 1124 4429 omnibus
1143 4348 1392 4428 uniformiter

213 4476 368 4556 doceat.
