3550 5434
929 581 1092 660 -707

413 762 528 842 centii
556 763 643 860 XII,
674 761 807 843 statuit
835 809 878 822 -
916 773 958 843 ut
984 761 1222 869 Superiores
1250 787 1394 841 omnes
1412 761 1453 840 in
1480 789 1560 841 una
1576 809 1592 820 -

414 912 572 994 quaque
598 887 813 967 Provincia
840 914 912 995 per
940 887 1092 968 ltaliam
1123 897 1160 966 et
1187 886 1346 966 Insulas
1365 885 1591 968 adiacentes

413 1015 642 1093 Conventus
671 1011 915 1092 destinarent
942 1012 1074 1115 magis
1101 1020 1217 1119 aptos
1246 1013 1296 1092 ad
1338 1012 1592 1118 recipiendos

413 1137 721 1243 retinendosque
748 1137 944 1234 Novitios,
973 1137 1014 1214 in
1043 1136 1188 1243 quibus
1216 1136 1432 1241 Regularis
1457 1137 1591 1218 obser-

414 1261 558 1359 vantia,
590 1261 668 1340 vita
702 1259 944 1360 communis
974 1269 1012 1341 et
1048 1271 1188 1340 exacta
1217 1259 1424 1367 disciplina
1460 1289 1593 1341 serva-

414 1394 534 1466 retur.
555 1385 691 1492 Ibique
711 1393 944 1492 praeessent
962 1386 1198 1492 Superiores
1213 1411 1370 1490 graves,
1387 1386 1590 1484 charitate,

415 1535 659 1616 morumque
704 1509 899 1590 suavitate
941 1509 1125 1616 praediti;
1166 1509 1362 1614 Religiosi
1404 1510 1595 1590 adessent

415 1635 545 1716 devoti
574 1662 621 1716 ac
648 1634 802 1740 pietatis
822 1634 1006 1714 cultores.

496 1759 720 1841 Novitiatus
752 1759 866 1839 locus
908 1759 1210 1840 constituendus
1251 1767 1359 1839 esset
1399 1759 1439 1838 in
1481 1769 1592 1866 parte

416 1885 645 1966 Conventus
665 1883 858 1981 distincta,
878 1891 917 1963 et
936 1893 1118 1991 separata
1138 1883 1189 1963 ab
1209 1911 1268 1979 ea,
1284 1883 1324 1962 in
1344 1911 1423 1991 qua
1443 1884 1593 1988 degunt

415 2007 607 2088 Professi.
655 2007 879 2115 Unicuique
925 2007 1072 2087 novitio
1119 2007 1259 2088 cellula
1304 2008 1590 2113 assignaretur.

417 2135 571 2212 Hortus
600 2158 759 2238 quoque
792 2131 962 2212 Novitiis
1003 2131 1251 2239 particularis
1279 2143 1451 2213 extaret:
1493 2132 1592 2239 ipsis

416 2255 511 2337 nihil
549 2257 760 2338 deficeret:
799 2257 959 2336 Nemini
1001 2255 1134 2336 liceret
1176 2257 1328 2362 ingredi
1368 2258 1419 2338 ad
1456 2256 1590 2337 locum

416 2379 653 2476 Novitiatus
682 2406 823 2486 neque,
853 2379 922 2459 ubi
963 2388 1266 2460 commorantur
1306 2381 1465 2474 Neritii,
1507 2381 1594 2461 sive

416 2503 502 2610 ipse
544 2503 594 2582 sit
627 2503 808 2584 officialis
848 2513 1005 2610 praeter
1041 2503 1283 2608 Magistrum
1326 2505 1590 2604 Novitiorum‚

416 2629 581 2736 ejusque
611 2627 791 2709 socium:
822 2636 860 2708 et
888 2629 921 2708 si
958 2629 1149 2735 Superior
1187 2629 1328 2735 aliquis
1360 2628 1592 2709 necessario

417 2753 605 2832 accedere
652 2752 824 2850 deberet,
854 2751 1010 2832 socium
1052 2779 1104 2830 ex
1135 2752 1361 2833 senioribus
1402 2752 1593 2833 Patribus

416 2865 645 2958 Conventus
674 2876 749 2955 sibi
778 2886 965 2957 sumeret.
995 2877 1176 2982 Denique
1204 2874 1336 2959 Clavis
1372 2877 1593 2959 Clausurae

417 2999 641 3080 Novitiatus
669 3026 740 3106 per
767 3001 1010 3105 Magistrum
1036 2999 1290 3080 Novitiorum
1331 3027 1493 3109 semper
1533 3029 1593 3081 re·

416 3123 575 3204 tinenda
603 3131 719 3204 esset.

496 3252 607 3345 Quae
622 3248 757 3329 omnia
777 3247 1054 3354 praesentibus
1072 3275 1209 3329 rerum
1229 3251 1424 3331 adiunctis
1439 3251 1592 3333 actuari

416 3372 642 3454 difficillime
670 3381 860 3480 possunt3
889 3373 996 3452 unde
1023 3372 1259 3479 Superiores
1287 3375 1504 3456 Generales
1539 3376 1590 3456 ad

415 3499 455 3578 S.
498 3498 645 3579 Sedem
673 3523 746 3604 pro
776 3498 1072 3604 dispensatione
1118 3524 1239 3605 saepe
1267 3500 1429 3605 saepius
1458 3526 1590 3580 recur-

417 3628 521 3701 runt:
541 3633 579 3702 et
596 3625 636 3703 S.
659 3622 926 3726 Congregatio
946 3622 1116 3727 benigne
1133 3623 1271 3703 annuit
1289 3654 1310 3701 a
1325 3625 1439 3704 saca
1458 3633 1594 3705 tumen

421 3776 442 3824 «
469 3747 695 3825 substantia
710 3745 991 3841 conditionatos
1011 3756 1128 3853 atque
1146 3773 1194 3826 ea
1213 3773 1408 3853 expressa
1427 3748 1526 3853 tege,
1547 3757 1593 3828 ut

422 3899 441 3946 «
471 3879 598 3950 tractu
618 3872 821 3977 temporis
844 3886 1041 3976 quatenus
1060 3871 1144 3951 fieri
1165 3871 1318 3978 poterit,
1338 3874 1594 3953 obseruantia

422 4023 443 4074 a
471 4003 671 4100 clipeatus·
700 4021 736 4074 u.
