3550 5434
883 503 1045 558 ..152-

377 708 485 774 QUAE
504 707 632 765 sunan
661 685 702 762 4.
738 682 857 762 Caes.
897 682 960 762 19.
994 713 1030 790 q.
1059 683 1099 762 3.
1130 688 1167 762 et
1198 683 1299 790 Reg.
1329 683 1459 764 Semel
1498 686 1556 765 61

378 811 421 886 in
442 808 479 888 6.

458 933 575 1012 Nunc
604 933 655 1013 ad
682 932 911 1037 Retipr'osos
939 931 1018 1038 qui,
1035 956 1108 1036 pro
1123 927 1246 1010 relata
1261 930 1361 1035 lege,
1382 932 1432 1013 ad
1453 935 1552 1014 iura

377 1059 513 1136 ciuilio
543 1055 686 1137 reverti
715 1056 912 1137 dicuntur.

457 1181 588 1260 Etiam
617 1179 681 1260 hic
709 1180 952 1285 distinguere
980 1186 1146 1286 oportet,
1176 1178 1281 1259 aliud
1322 1182 1551 1286 essequod

369 1305 440 1410 jus
468 1306 618 1386 taicum
645 1305 978 1412 praescriptiones
1011 1305 1141 1384 facere
1182 1304 1322 1401 valeat,
1361 1312 1399 1384 et
1436 1306 1554 1386 faciat

375 1457 534 1528 revera3
564 1430 668 1512 aliud
689 1431 904 1536 essequod
926 1431 967 1506 in
986 1431 1138 1509 obiecto
1158 1428 1380 1509 inveniatur
1398 1431 1555 1536 capaci·

375 1561 437 1634 tas
457 1575 529 1632 eus¹
546 1553 770 1660 recipiendi,
791 1561 828 1633 et
847 1553 1020 1657 legitime
1038 1553 1077 1631 in
1106 1579 1204 1632 casu
1232 1554 1281 1633 de
1309 1552 1385 1632 illis
1403 1555 1551 1634 utendi.

375 1678 520 1782 Agitur
539 1678 645 1757 enim
665 1679 713 1758 de
732 1677 928 1784 personiS,
958 1703 1060 1783 quae
1088 1684 1230 1782 sponte
1253 1677 1407 1784 juribus
1436 1677 1555 1757 civili-

374 1802 450 1882 bus
471 1803 760 1882 renuntiarunt:
777 1810 814 1882 et
832 1801 1175 1899 renuntiationem,
1192 1801 1449 1882 professione
1468 1801 1555 1882 reli-

375 1926 488 2029 giosa
493 1926 574 2032 jam
592 1925 752 2024 emissa,
763 1933 953 2032 perpetuo
964 1925 1148 2031 jurarunt
1162 1973 1213 1984 -
1234 1927 1437 2031 quomodo
1453 1953 1552 2032 ergo

375 2058 513 2129 contra
537 2051 817 2158 jusjurandum
832 2076 951 2154 agere
965 2053 1163 2156 possuntt
1178 2049 1308 2154 magis
1327 2051 1551 2157 magisque,

377 2173 467 2279 quia
496 2201 546 2254 ex
575 2175 650 2254 doc
678 2185 772 2254 actu
800 2175 1040 2273 uoluntario,
1071 2173 1145 2252 sub
1175 2173 1250 2254 alia
1273 2174 1548 2281 jurisdictione

375 2307 413 2378 et
441 2299 670 2380 auctoritate
697 2299 937 2383 inciderunt:
965 2299 1027 2379 cui
1057 2346 1108 2358 -
1138 2298 1176 2377 in
1197 2297 1260 2378 his
1288 2299 1487 2398 omnibuS,
1513 2308 1552 2379 et

280 2495 284 2506 ,
374 2448 446 2529 per
474 2423 608 2504 omnia
636 2423 829 2531 subjicere
857 2429 1022 2529 oportet.
1052 2422 1293 2529 Hujusmodi
1335 2423 1551 2504 auctoritas

375 2574 473 2627 sane
502 2555 561 2627 est
588 2546 788 2646 Ecclesia3
818 2554 911 2627 sunt
939 2546 1114 2628 Romani
1141 2547 1371 2642 Pontifices
1393 2547 1460 2652 qui
1487 2549 1553 2628 ob·

374 2675 617 2752 censentibus
645 2671 951 2753 circumstantiis
967 2698 1177 2752 occurrere
1205 2670 1422 2775 Religiosis
1437 2671 1550 2752 omni

374 2797 503 2878 studio
533 2805 722 2876 curarunt
749 2823 820 2904 per
849 2796 1120 2877 ordinationes
1149 2802 1188 2874 et
1214 2796 1383 2875 decreta.

895 3154 932 3256 S·
961 3155 1029 3232 2³¹⁸

374 3379 437 3458 Dc
456 3380 627 3460 decretis
645 3382 688 3461 S.
714 3380 954 3486 Conprepct.
975 3408 1095 3488 super
1109 3381 1326 3488 disciplina
1345 3382 1551 3487 negatur

740 3560 846 3638 illico
880 3562 924 3635 in
956 3587 1001 3636 re
1020 3560 1211 3666 prolatis.

454 3789 550 3868 Pius
577 3791 691 3895 Papa
718 3788 776 3869 IX
804 3816 903 3870 sane
931 3791 982 3868 ad
1011 3817 1236 3888 aerumnas
1271 3790 1416 3896 quibus
1436 3793 1549 3872 Ordi-

371 3940 445 3992 nes
476 3914 709 4016 RegulareS,
740 3913 1036 4020 suppressionis
1065 3941 1198 4012 causa,
1229 3914 1357 3994 adecti
1399 3925 1547 4014 essent,

370 4035 502 4143 aliquo
523 4037 643 4117 modo
659 4038 914 4144 reperandae,
930 4037 1060 4145 jussit,
1082 4039 1215 4137 voluit,
1236 4049 1353 4146 atque
1374 4040 1548 4120 decrevit

373 4162 409 4240 1.
438 4171 480 4240 nt
507 4161 682 4241 universi
698 4188 840 4242 omnes
860 4163 1054 4267 Religiosi
1074 4164 1361 4268 cujuscumque
1380 4162 1544 4244 Ordinis

371 4295 409 4364 et
436 4286 727 4392 cujuscumque
754 4287 917 4390 graduS,
947 4315 1050 4392 quos
1069 4296 1182 4367 extra
1211 4287 1427 4392 Regularis
1446 4288 1545 4367 Pro·

370 4408 521 4489 vinciae
551 4410 653 4490 fines
681 4411 826 4516 degere
853 4412 1072 4516 contigerit,
1102 4411 1335 4518 inspectioni
1364 4420 1402 4491 et
1424 4409 1549 4519 juris-
