3550 5434
1764 439 2053 495 ...43-

734 621 1004 726 ligioni
1059 621 1322 725 magis
1380 619 1754 726 expedire
1783 619 2329 725 judicaverint,
2374 618 2667 726 quibus
2706 620 2785 698 in
2845 621 3087 701 Locis

741 752 1023 852 tingant
1077 747 1230 827 sub
1289 744 1586 850 regulis
1627 754 1700 825 et
1755 746 1999 826 modo
2060 744 2369 824 vivendi
2428 745 2689 826 adhuc
2746 747 3085 844 arctiori,

745 899 989 976 qnam
1047 879 1368 950 servent
1425 869 1912 976 antiquiores
1968 869 2352 968 professi,
2412 869 2517 949 ita
2574 872 2789 977 quod
2846 871 2925 950 in
2965 899 3094 951 ne-

741 996 973 1096 gotiis
1038 995 1749 1093 Monasteriorum,
1809 1002 1945 1073 aut
2000 995 2559 1074 Conventuum
2617 1021 2781 1075 non
2838 1022 2929 1076 se
2985 997 3094 1075 in·

745 1119 1197 1218 tia-mittere,
1259 1145 1406 1200 nec
1480 1119 2052 1199 communibus
2136 1120 2600 1200 tractatibus
2682 1121 3092 1220 interesse,

745 1272 1000 1352 neque
1058 1244 1392 1351 alicujus
1450 1244 1871 1324 exterioris
1929 1242 2422 1325 obedientiae
2461 1245 2819 1326 officium
2877 1274 3097 1326 exer·

745 1396 925 1444 marn
983 1363 1347 1462 debeant,
1409 1362 1673 1471 ibique
1728 1375 2275 1471 permaneant,
2336 1391 2701 1472 quosque
2742 1366 2840 1445 ad
2898 1377 3097 1448 aeta-

749 1504 905 1568 mm
961 1489 1230 1570 Sacris
1288 1488 1723 1570 Ordinibus
1790 1487 2320 1594 suscipiendis
2378 1489 2909 1570 sufficientem
2965 1492 3103 1571 de-

761 1615 1135 1702 wuerint,
1193 1612 1317 1693 vel
1375 1612 1657 1693 saltem
1718 1639 1861 1719 per
1937 1611 2368 1692 triennium
2423 1621 2605 1719 post
2658 1614 3102 1695 Professio-

761 1768 962 1836 noni,
1025 1766 1185 1846 quo
1243 1739 1478 1818 etiam
1520 1744 1882 1844 tempore
1952 1746 2343 1846 poterunt,
2405 1738 2763 1844 quinimo
2849 1748 2923 1818 et
2977 1741 3105 1820 de-

757 1868 1050 1944 nitunt
1134 1862 1585 1943 Literarum
1669 1862 1952 1942 studiis
2010 1888 2338 1967 operam
2422 1889 2720 1943 navare
2778 1864 2931 1944 sub
2989 1865 3104 1944 di-

767 1990 1128 2087 rmttione,
1190 2014 1284 2067 ac
1338 1986 1727 2091 regimine
1783 1987 2259 2093 SuperioriS,
2318 1987 2452 2094 qui
2509 2015 2647 2068 eas
2687 1988 3104 2094 qualitates

765 2116 1068 2200 haheat,
1129 2112 1421 2219 quibus
1499 2112 2005 2192 Novitiorum
2062 2113 2547 2217 Magistrum
2612 2114 3106 2219 praedictum

765 2268 945 2316 vase
1002 2244 1368 2343 oportere
1424 2235 1723 2317 dictum
1780 2245 1924 2315 est.

921 2359 1384 2442 Declaratur
1438 2367 1733 2460 tamen,
1796 2360 2009 2466 quod
2069 2368 2381 2466 praeter
2437 2361 2887 2466 praemissa
2944 2388 3107 2441 non

761 2497 1176 2567 vous-eatur
1232 2511 1622 2565 concessa
1660 2486 2023 2564 Licentia
2074 2483 2507 2591 reczpiencli
2552 2485 2923 2566 Novitios
2963 2487 3120 2564 ηιζςί

761 2612 829 2684 s'm
901 2612 1130 2690 Locis
1174 2635 1335 2717 pro
1395 2610 1814 2689 Νοσίίίαίιι
1870 2608 2328 2713 designatis,
2389 2618 2534 2689 aut
2591 2613 2670 2688 in
2693 2618 3107 2718 posterum

761 2735 1288 2840 :fessiqnandiffi
1349 2742 1423 2813 et
1477 2758 1635 2815 PRO
1672 2757 2011 2815 NUMERO
2070 2735 2148 2812 in
2186 2760 2466 2813 eorum
2502 2734 2832 2839 singulis
2874 2760 3115 2843 prae-

837 2892 869 2932 ·,r
885 2864 1052 2964 {pto
1109 2860 1228 2937 nel
1271 2858 1935 2965 praescribendo.

921 2982 1279 3088 Denique
1336 2982 1405 3062 si
1463 2981 1592 3081 illi,
1637 2983 1771 3088 qui
1813 2982 2016 3060 inter
2056 2981 2521 3087 Religiosos
2560 2984 2816 3088 gradu
2858 2992 2933 3062 et
2972 2985 3118 3063 Or·

765 3112 941 3184 atine
995 3108 1471 3212 Superiores
1554 3113 1765 3205 sunt,
1826 3116 1901 3186 et
1985 3105 2135 3205 alii,
2197 3107 2296 3186 ad
2355 3134 2561 3213 quos
2646 3115 2974 3214 spectat,
3035 3107 3114 3186 in

773 3231 1182 3336 praedictis
1259 3230 1663 3331 omnibus,
1721 3230 1843 3309 vel
1902 3258 2184 3311 eorum
2270 3231 2534 3338 aliquo
2618 3232 3113 3338 deliquerint,

769 3384 909 3432 wi
996 3355 1283 3463 quovis
1368 3356 1611 3436 modo
1697 3356 2329 3452 contrafacerint,
2390 3356 2869 3436 Officiorum
2954 3383 3120 3435 om-

773 3484 989 3559 nium
1047 3506 1252 3586 quae
1327 3507 1538 3560 nune
1623 3478 2114 3578 obtinebunt,
2199 3479 2751 3586 privationem,
2813 3481 3120 3584 gravio-

777 3631 1058 3712 rve-que
1114 3631 1260 3712 pro
1321 3606 1564 3684 modo
1624 3605 2028 3684 admissae
2085 3606 2365 3712 eulpae
2403 3632 2708 3712 poenas
2765 3633 2856 3685 se
2912 3604 3121 3684 subi-

777 3744 909 3808 mr.
937 3758 994 3809 :s
1051 3739 1266 3810 certo
1307 3730 1583 3810 sciant.
1627 3733 1821 3810 Dat:
1882 3731 2200 3810 Romae
2238 3730 2361 3811 die
2406 3731 2504 3810 19
2561 3731 2828 3811 Martii
2874 3731 3109 3810 1603.
