3550 5434
1756 565 1827 575 -
1870 534 2082 589 154-

741 713 1224 820 nollapsum3
1293 739 1552 821 neque
1617 722 2038 794 accusatos
2094 714 2339 794 fuisse
2415 713 2769 812 auditos3
2828 743 3087 824 neque

741 846 977 918 testes
1036 865 1215 917 esse
1271 838 1798 941 examinatos;
1841 866 1933 919 ac
1974 840 2304 945 proinde
2351 839 2528 946 jure
2584 839 2866 919 merito
2906 869 3088 922 esse

737 963 1134 1042 delendas.
1176 965 1277 1042 Et
1312 964 1393 1044 S.
1435 965 1966 1068 Congregatio
2007 991 2246 1071 saepe
2285 963 2609 1072 saepius
2658 966 3079 1070 quaerelas

737 1088 1323 1168 postulantium
1379 1088 1759 1168 exaudire
1815 1097 2091 1168 coacta
2158 1090 2317 1168 fuit.
2379 1090 2570 1170 Inde
2626 1115 2712 1168 re
2771 1099 3085 1171 mature

737 1240 1153 1321 perpensa,
1214 1212 1453 1293 simul
1494 1240 1680 1293 cum
1737 1213 2200 1293 doctoribus
2239 1212 2519 1293 studiis
2559 1221 2795 1320 atque
2836 1224 3089 1295 aetate

737 1338 1138 1442 gravibus
1203 1364 1361 1416 non
1403 1336 1780 1418 dubitavit
1834 1365 2166 1417 normas
2207 1338 2286 1417 in
2326 1352 2521 1418 casu
2578 1338 3082 1439 constituere,

741 1469 811 1540 et
867 1460 1426 1567 dispositiones
1481 1463 1563 1541 in
1629 1462 1983 1542 medium
2040 1463 2418 1568 proferre3
2497 1464 2708 1569 quod
2783 1463 3084 1543 factum

741 1585 878 1664 fuit
933 1612 1077 1691 per
1131 1586 1581 1666 Decretum.

906 1756 1006 1767 —
1030 1713 1338 1791 Auens
1356 1735 1751 1791 ADMODUM
1771 1709 1894 1789 die
1921 1713 1980 1789 4
1998 1710 2202 1790 Noe.
2240 1709 2486 1789 1892.
2517 1709 2808 1789 editam
2826 1719 3089 1790 aueto-

741 1841 961 1914 rante
1016 1834 1355 1913 Summo
1397 1834 1783 1913 Pontifice
1825 1836 2090 1915 Leone
2144 1835 2352 1915 XIII.
2415 1836 2505 1914 In
2544 1862 2639 1915 eo
2693 1835 3088 1942 siquidem
3132 1873 3142 1887 ·

741 1966 805 2054 ᾖ.
870 1960 995 2038 ΙΙΙ.
1060 1957 1483 2063 sequentia
1524 1957 1925 2062 leguntur:
1992 1988 2031 2036 «
2092 1959 2418 2056 Quoties
2474 1968 2757 2063 agatur
2813 1959 2910 2038 de
2949 1959 3091 2038 ali-

749 2114 785 2162 a
846 2109 1004 2189 quo
1061 2082 1387 2161 alumno
1445 2091 1630 2161 vota
1685 2082 2073 2188 simplicia
2129 2083 2451 2189 quidem
2509 2082 2650 2161 sed
2703 2091 3086 2190 perpetua

843 2208 1233 2313 professe,
1310 2206 1432 2286 vel
1510 2206 1712 2287 votis
1781 2206 2275 2313 simplicibus
2350 2208 2889 2313 temporaneis
2946 2208 3088 2287 ad-

745 2362 781 2406 n:
845 2331 1191 2411 strictO...
1252 2330 1657 2410 neminem
1715 2340 1790 2410 et
1828 2331 1976 2437 ipsi
2016 2332 2471 2436 superiores
2530 2331 2915 2412 dimittere
2955 2360 3087 2410 va·

749 2486 785 2530 f<
836 2454 1069 2550 leant,
1106 2455 1254 2534 nisi
1287 2455 1390 2535 ob
1421 2455 1740 2561 culpam
1762 2482 2091 2560 gravem
2122 2468 2534 2537 externam
2564 2464 2640 2535 et
2658 2455 3083 2562 publicam,

745 2614 785 2654 ιι
841 2588 917 2659 et
954 2580 1103 2658 nisi
1161 2578 1572 2685 culpabilis
1602 2579 1702 2659 sit
1758 2581 1996 2659 etiarn
2043 2579 2618 2684 incorrigibilis
2663 2580 2771 2661 Ut
2811 2587 3079 2659 autem

749 2738 785 2778 a:
842 2703 1021 2811 quis
1052 2703 1607 2809 incorrigibilis
1627 2731 1905 2784 revera
1935 2705 2346 2799 habeatur,
2372 2705 2829 2810 superiores
2861 2730 3080 2809 prae·

749 2870 777 2890 π
844 2828 1151 2909 mittere
1173 2828 1483 2927 debent,
1517 2829 2441 2936 distinctistemporibus,
2485 2832 2784 2908 trinam
2804 2829 3083 2909 admo-

745 2994 769 3010 -·
843 2954 1210 3031 nc'tionetn
1284 2960 1356 3031 et
1431 2956 2023 3050 correctionem,
2102 2981 2261 3060 qua
2333 2954 2522 3033 nihil
2591 2953 3075 3061 proficiente,

749 3110 780 3146 υ.-
843 3077 1298 3183 superiores
1337 3077 1624 3157 debent
1652 3105 2110 3186 processum
2171 3087 2455 3159 contra
2510 3077 3081 3184 delinquentem

749 3246 773 3258 ·›
845 3203 1263 3300 instruere,
1286 3229 1719 3307 processus
1741 3202 2200 3282 resultantia
2222 3211 2598 3283 accusato
2625 3206 3076 3297 contestari,

749 3366 774 3386 υ
845 3325 1098 3404 eidem
1123 3335 1437 3432 tempus
1457 3354 1906 3431 congruum
1937 3328 2396 3427 concedere,
2420 3353 2579 3433 quo
2599 3356 2792 3407 suas
2814 3328 3078 3433 desen·

749 3492 773 3506 ··
844 3451 1096 3528 siones
1135 3449 1303 3528 sive
1343 3477 1482 3556 per
1520 3477 1632 3549 se,
1675 3451 1844 3530 sive
1885 3478 2025 3557 per
2063 3450 2305 3530 aliurn
2347 3450 2705 3557 ejusdem
2744 3451 3078 3531 Instituti

749 3614 777 3642 -ι
827 3573 1314 3676 religiosum,
1348 3574 1724 3654 exhibere
1756 3574 2044 3672 valeat3
2094 3578 2307 3682 quod
2339 3576 2405 3654 si
2445 3584 2869 3655 accusatus
2909 3577 3076 3682 ipse

749 3730 781 3770 a:
843 3696 1206 3802 proprias
1255 3699 1757 3779 defensiones
1797 3727 1955 3779 non
1997 3701 2639 3806 praesentaverit,
2697 3701 3077 3807 Superior

745 3854 785 3898 aaz
823 3849 968 3902 seu
999 3822 1383 3903 Tribunal
1413 3824 1936 3928 defens-orem,
1972 3824 2387 3904 alumnum
2417 3826 2829 3931 respectivi
2857 3827 3078 3906 Insti-

745 3978 781 4018 τε
824 3946 959 4025 tuti
988 3974 1087 4026 ex
1119 3947 1380 4027 officio
1411 3949 1886 4027 constituere
1909 3948 2243 4028 debebit.
2268 3949 2466 4028 Post
2494 3949 2693 4028 haec
2710 3950 3075 4055 superior

841 4097 1027 4149 cum
1059 4099 1208 4150 suo
1238 4071 1586 4151 Consilio
1609 4074 2080 4152 sententiam
2101 4071 2622 4179 expulsionis,
2647 4082 2782 4153 aut
2811 4073 3076 4154 dimis-

841 4192 1089 4272 sionis
1117 4195 1630 4299 pronuntiare
1657 4196 2014 4301 poterit...
2060 4199 2356 4303 quoties
2395 4205 2664 4276 autern
2698 4199 3075 4302 grauibus

745 4358 773 4378 rr
844 4345 952 4397 eoe
992 4320 1250 4397 causis
1303 4319 1791 4426 procedendi
1818 4320 2228 4400 methodus
2264 4320 2735 4428 supradicta
2769 4325 3084 4403 servari

841 4449 1199 4547 nequeat,
1258 4431 1443 4520 tunc
1489 4469 1863 4522 recursus
1920 4444 2206 4522 haberi
2253 4444 2535 4523 debeat
2574 4445 2690 4524 ad
2720 4446 2804 4524 S.
2876 4446 3079 4526 Con-
