3550 5434
716 517 860 573 -39-

194 695 275 793 tini,
306 695 537 790 pontificiis,
567 703 605 776 et
628 697 919 805 cujuscumque
938 695 1100 777 Ordinis
1119 703 1187 776 aut
1206 695 1374 776 lnstituti

192 819 551 900 Constitutionibus
579 821 841 920 continentur,
862 819 1005 901 tamin
1025 819 1124 900 alias
1143 818 1374 923 designatis,

192 967 318 1048 quam
338 970 458 1039 nunc,
493 952 530 1024 et
572 944 613 1024 in
654 956 862 1051 posterum
906 945 956 1024 ad
998 943 1075 1022 hoc
1116 943 1376 1048 designandis

191 1063 471 1165 MonasteriiS,
503 1076 541 1148 et
568 1068 845 1168 conventibus
875 1067 976 1148 haec
1008 1094 1111 1175 quoe
1153 1077 1375 1174 sequuntur

190 1191 380 1272 inviolate
407 1193 626 1290 observari,
656 1201 693 1274 et
722 1193 863 1300 exequi
896 1201 1087 1300 perpetuo
1116 1201 1267 1272 curent.

275 1318 460 1397 Primum
488 1321 595 1425 quod
642 1319 777 1400 attinet
805 1320 856 1399 nd
886 1318 1139 1399 Novitiorum
1181 1317 1376 1424 recipien-

189 1443 340 1522 dorum
386 1442 558 1523 formam
605 1443 707 1523 ultra
754 1443 982 1548 diligentem
1033 1441 1372 1550 perquisitionem,

189 1591 297 1671 quae
325 1565 508 1647 habenda
538 1567 586 1648 de
615 1569 918 1675 unuscujusque
946 1566 1168 1668 NatalibuS,
1185 1566 1375 1673 Corporis

187 1688 435 1786 habitudine,
452 1692 647 1791 moribus,
663 1692 742 1771 vita
772 1703 863 1774 ante
893 1700 981 1772 acta
1009 1700 1048 1772 et
1075 1690 1287 1798 praecipue
1315 1717 1376 1771 eo·

186 1841 297 1909 rum,
345 1815 412 1922 qui
454 1824 615 1896 sextum
659 1816 859 1897 decimum
902 1817 1041 1896 aetatis
1082 1843 1181 1897 suae
1223 1842 1376 1897 annum

187 1939 399 2037 excedent,
428 1966 479 2018 an
507 1939 721 2038 criminosi,
752 1967 804 2020 an
833 1967 926 2021 aere
954 1941 1083 2020 alieno
1113 1940 1278 2044 gravati,
1313 1939 1375 2018 vel

185 2063 418 2144 reddendae
460 2063 627 2172 alicujus
670 2065 1025 2147 administrationis
1071 2065 1235 2146 obnoxii
1283 2067 1373 2165 sint,

179 2188 304 2296 juxta
345 2189 518 2269 formam
559 2190 860 2271 Constitutionis
903 2189 968 2270 iel.
1000 2193 1098 2272 Reo.
1128 2189 1228 2272 Sixti
1257 2192 1307 2289 V,
1338 2201 1376 2272 et

184 2312 509 2393 moderationem
538 2313 816 2421 subsequtam,
846 2315 943 2395 illud
971 2314 1090 2394 etiam
1122 2315 1372 2421 Superiores,

183 2437 243 2517 ad
272 2463 375 2542 quos
403 2437 608 2545 spectabit,
640 2439 781 2520 sedule
811 2440 1056 2546 perquirant,
1086 2447 1129 2519 ut
1157 2439 1304 2546 quibus
1334 2439 1374 2517 in

183 2562 460 2662 Monasteriis,
491 2571 528 2642 et
556 2563 829 2645 Conventihus
857 2592 910 2643 ex
929 2563 1162 2670 Apostolica
1191 2563 1374 2644 facultate

182 2684 416 2766 Novitiatus
462 2687 605 2769 fuerint
646 2687 820 2785 instituti,
868 2688 910 2766 in
945 2687 993 2768 iis
1022 2690 1072 2768 ad
1117 2687 1372 2792 Religionem

182 2809 325 2889 nullus
353 2809 393 2890 in
421 2819 628 2918 posterum
671 2813 911 2898 admittatur.
941 2813 1008 2919 qui
1038 2821 1076 2892 et
1113 2839 1164 2892 ex
1192 2812 1372 2893 honestis

180 2933 432 3014 Parentibus
461 2943 580 3016 natus
607 2963 689 3016 non
717 2937 779 3036 sit,
795 2945 833 3017 et
860 2937 1110 3017 conditiones
1138 2937 1273 3018 Sacris
1302 2939 1372 3018 Ca-

180 3057 377 3156 nonibnS,
393 3060 737 3167 Summorumque
753 3061 995 3142 Pontificum
1015 3061 1372 3144 Constitutionibus

179 3182 458 3292 praescriptas
501 3211 583 3264 non
628 3185 783 3270 lrabeat.
826 3186 942 3293 juxta
988 3189 1203 3266 Decretum
1250 3213 1372 3293 super

181 3311 323 3390 forma
350 3310 563 3418 recipiendi
593 3312 775 3391 Noritios
805 3312 867 3392 die
895 3312 1033 3392 9Maii
1062 3311 1177 3392 1602.
1208 3313 1369 3392 editum.

274 3433 452 3542 Quisque
481 3435 734 3543 recipiendus
763 3437 803 3516 in
832 3437 965 3543 aliquo
1000 3436 1154 3528 Ordine
1178 3436 1371 3540 Regulari

181 3559 311 3639 etiam
354 3560 670 3642 Mendicantinm
713 3560 907 3640 incasit
949 3567 1074 3640 aetate
1121 3560 1369 3659 constitutae,

180 3710 314 3791 quam
342 3683 426 3764 eius
474 3685 648 3774 Ordinis,
679 3685 719 3764 in
761 3711 841 3791 quo
884 3685 1107 3792 recipietur,
1153 3684 1372 3789 Regularia

178 3807 383 3906 Instituta,
413 3815 451 3888 et
471 3809 755 3889 Ordinationes
783 3809 999 3916 requirunt.
1030 3813 1133 3890 Eam
1170 3835 1266 3889 vero
1294 3808 1373 3888 lite-

179 3959 328 4012 rarum
356 3932 563 4014 scientiam
592 3934 744 4030 calleat,
766 3942 833 4014 aut
848 3933 953 4014 illius
973 3933 1237 4014 addiscendae
1255 3959 1371 4040 spem

180 4057 395 4138 indubiam
422 4061 676 4165 praeseferat,
724 4067 766 4138 ut
808 4058 999 4155 minores,
1031 4068 1068 4139 et
1096 4057 1181 4139 suis
1221 4066 1370 4164 tempo-

180 4181 314 4281 ribus
332 4183 508 4290 majores
539 4183 712 4265 Ordines
736 4184 851 4290 juxta
879 4186 1049 4265 Decreta
1077 4183 1188 4265 Sacri
1207 4181 1370 4264 Concilii

180 4305 410 4386 Tridentini
438 4307 644 4414 suscipere
674 4308 812 4387 valeat.
841 4309 922 4387 Sed
950 4308 985 4386 si
1014 4308 1104 4414 quis
1133 4333 1285 4387 annum
1313 4305 1371 4384 vi-

181 4430 392 4537 gesimum
422 4431 603 4538 quintum
631 4432 830 4512 excedens
846 4433 896 4512 ad
912 4431 1094 4512 habitum
1123 4431 1369 4535 Regularem
