3550 5434
1882 494 2165 550 „30-

853 670 1213 752 tulerunt.
1273 671 1737 778 Praecipue,
1782 681 1865 751 ut
1901 698 2432 780 unaquaeque
2469 672 2999 778 Regularium
3041 675 3197 753 Do-

857 824 1034 876 mus
1064 824 1260 876 suos
1291 797 1700 876 ministros
1739 797 2049 897 habeat,
2092 807 2167 878 et
2203 798 2664 877 Praefectos
2689 860 2707 892 ,
2748 824 3197 903 omnesque

853 922 982 1000 nni
1012 921 1285 1028 Capiti,
1321 928 1701 1027 tanquam
1731 948 2060 1002 summo
2093 922 2602 1019 moderatori,
2634 921 3192 1021 subiifciantur:

853 1046 1240 1154 quaelibet
1323 1045 1616 1126 familia
1700 1047 2109 1152 propriam
2189 1055 2450 1126 teneat
2531 1046 3000 1144 Ecclesiam,
3060 1057 3200 1127 aut

849 1173 1256 1269 sacellum,
1289 1170 1422 1250 ubi
1452 1197 1616 1251 non
1647 1170 1912 1251 solum
1935 1197 2213 1277 preces
2243 1172 2416 1251 Deo
2458 1172 2788 1251 fundere
2828 1181 3193 1276 possunt,

849 1298 989 1377 ..ed
1044 1296 1445 1400 liturgiam
1503 1295 1930 1394 celebrare,
1990 1304 2065 1375 et
2119 1297 2349 1402 plura
2389 1322 2618 1374 sacra
2660 1297 2945 1391 facere,
2988 1321 3195 1401 quae

853 1421 1169 1527 propria
1234 1428 1421 1499 sunt
1493 1420 2037 1501 Ecclesiarum
2112 1418 2702 1500 Cathedralium
2787 1428 2863 1499 et
2943 1419 3198 1498 Paro-

849 1545 1245 1625 vhialium.
1311 1548 1399 1624 In
1466 1544 1749 1623 iisdem
1821 1543 2201 1624 Ecclesiis
2277 1544 2706 1623 adservare
2777 1543 3197 1624 Sanctissi-

853 1698 1074 1750 mum
1131 1672 1766 1766 Sacramentum,
1828 1678 1903 1748 et
1941 1678 2499 1775 praeterquam
2531 1669 2610 1747 in
2650 1695 2811 1748 uno
2852 1667 3196 1748 solemni

853 1795 1265 1875 paschatis
1322 1794 1468 1892 die,
1529 1793 1781 1874 cuivis
1840 1793 2416 1874 administrare.
2475 1793 2774 1872 Bened.
2818 1792 3037 1872 XIV.
3071 1795 3195 1873 De

849 1921 1143 2026 &iffi-nod.
1201 1919 1332 2000 lib.
1390 1920 1466 1999 9.
1527 1920 1715 2025 Cap.
1782 1919 1905 1998 16.

1005 2047 1143 2125 Ias
1182 2043 1689 2151 potissimum
1747 2054 2015 2124 tamen
2053 2052 2128 2123 et
2156 2043 2646 2151 pricileyiam
2701 2051 2821 2122 est
2888 2042 3197 2122 Eoeem-

841 2173 1001 2278 prio
1058 2169 1587 2274 Regularium
1641 2196 1686 2247 a
1751 2168 2286 2248 iurisdictione
2362 2167 2737 2273 Episcopi
2815 2168 2915 2247 ad
2980 2193 3194 2246 men·

853 2310 1004 2374 tem
1034 2294 1448 2376 Constitut.
1490 2293 1687 2374 Sixti
1731 2295 1868 2372 IV‘.
1913 2320 2040 2372 an.
2086 2293 2316 2372 1474.
2360 2318 2605 2398 quam
2634 2291 2905 2372 dicunt
2937 2291 3195 2370 Mare

849 2448 1244 2525 miaynam,
1304 2425 1379 2498 et
1432 2417 1756 2499 Concilii
1816 2418 2133 2497 Triden.
2171 2425 2569 2523 quatenus
2627 2415 2860 2494 hodie
2919 2418 3195 2519 Regu-

849 2550 1049 2625 lares
1080 2544 1419 2624 subesse
1449 2542 1787 2623 debeant
1828 2543 2252 2648 Episcopo,
2298 2539 2418 2620 vel
2458 2550 2841 2645 tanquam
2873 2539 3195 2620 Pastori

849 2670 1291 2765 tlrdinario,
1351 2668 1474 2747 vel
1532 2668 1642 2748 uti
1697 2667 1881 2748 Sedi
1938 2665 2453 2774 Apostolicae
2536 2663 2945 2768 DelegatO.
3031 2666 3191 2741 Ast

849 2798 1060 2874 iuxta
1100 2801 1484 2882 statutum
1522 2791 2025 2898 propositum
2068 2798 2367 2887 nostra,
2410 2815 2573 2867 non
2612 2788 2935 2866 interest
2972 2812 3194 2893 prae-

845 2922 1071 3026 vipua
1127 2919 1382 3023 capita
1437 2943 1879 3018 recensere,
1957 2916 2098 2994 sed
2182 2922 2491 2993 tantum
2564 2912 2746 2992 heic
2803 2936 3185 2990 monere:

849 3050 1266 3122 Romanos
1323 3041 1754 3120 Pontifices
1815 3039 2322 3119 considerare
2380 3064 2571 3144 prae
2627 3035 2961 3115 coeteris
3026 3034 3191 3113 Re-

845 3171 1150 3274 s's'ffiosos
1206 3165 1354 3245 sibi
1414 3164 1859 3243 immediate
1911 3164 2305 3269 subjectos
2362 3169 2436 3241 et
2474 3160 2698 3241 sicuti
2739 3187 2973 3238 saum
3020 3158 3192 3239 Cle-

845 3321 1022 3370 mm.
1071 3292 1655 3399 particularem
1710 3290 2032 3367 habere.
2114 3290 2231 3368 De
2316 3314 2411 3366 eo
2497 3288 2709 3364 enim
2793 3285 2916 3363 usi
3002 3290 3192 3363 sunt

849 3416 1309 3522 praesertim
1369 3415 1446 3493 in
1505 3442 1775 3493 rerum
1821 3411 2170 3518 generali
2211 3410 2843 3518 perturbatione;
2887 3419 2962 3490 et
2988 3434 3187 3497 ‚cum

849 3570 1137 3622 resana
1194 3540 1572 3638 SocietaS,
1643 3549 1718 3618 et
1801 3537 2069 3646 populi
2147 3536 2481 3616 rebelles
2557 3535 3025 3614 scinduntur
3104 3533 3188 3612 in

849 3680 1129 3774 partes
1164 3665 1372 3745 Hinc
1391 3666 1641 3745 Sedes
1670 3662 2132 3770 Apostolica
2177 3662 2349 3740 iura
2380 3661 2896 3767 cce-emptionis
2926 3664 3189 3737 tuetur

845 3838 849 3858 ι
877 3791 1548 3898 [ιιεῐηρίυΓίΠιυῐΠ.

999 3918 1236 3997 Nunc
1292 3916 1389 3995 de
1455 3913 1879 3993 Clausam.

1000 4042 1348 4123 Romani
1406 4038 1861 4137 PontificeS,
1919 4037 2223 4117 Statuta
2279 4032 2810 4140 Regularium
2868 4031 3182 4136 adpro—

849 4173 1143 4260 lnnnteS,
1212 4166 1696 4245 Clausus-am
1733 4162 1813 4240 in
1852 4161 2128 4268 primis
2168 4159 2677 4252 constituunt,
2719 4165 2792 4235 et
2831 4179 3183 4261 quanam

846 4292 1191 4371 ratione?
1254 4319 1293 4367 «
1332 4288 1464 4387 Ut,
1498 4288 1747 4394 inquit
1783 4286 2025 4366 Clem.
2062 4285 2271 4363 VIII.
2312 4284 2393 4361 in
2432 4280 2791 4363 Decretis
2830 4281 3184 4358 Genera-

849 4454 881 4490 υ.-
945 4417 1149 4498 libus
1179 4416 1276 4497 de
1307 4411 1904 4496 Reformatione
1933 4408 2485 4514 Regularium,
2521 4405 2785 4486 omnis
2825 4395 3180 4482 scandali=
