3550 5434
1856 591 2140 646 —32—

825 794 969 872 pro
1028 765 1409 868 Regulari
1467 769 1623 847 vita
1704 779 1915 850 recte
1972 771 2472 868 instituenda,
2552 784 2716 853 tam
2778 803 2824 853 a
2881 775 3170 856 Sacro—

821 901 1100 971 sancta
1156 892 1615 972 Tridentina
1651 894 1976 993 Sinod0‚
2020 924 2265 1002 quam
2305 925 2352 976 a
2389 899 3167 980 praedecessoribus

822 1016 990 1097 suis
1076 1017 1471 1096 Romanis
1554 1019 2104 1116 Pontificibus,
2191 1023 2615 1129 praecipue
2701 1051 2891 1104 vero
2978 1025 3166 1105 Fel:

821 1144 1111 1223 Recor.
1173 1141 1574 1221 Clemente
1630 1145 1840 1244 VIII,
1901 1145 1981 1223 in
2059 1147 2392 1227 decretis
2452 1149 2963 1251 generalibus
3020 1177 3171 1255 pro

822 1265 1348 1369 Regularium
1406 1267 1991 1368 reformatione,
2026 1297 2170 1349 nec
2217 1298 2379 1351 non
2428 1273 2886 1352 Innocentio
2931 1275 3030 1353 X.
3091 1283 3169 1354 et

819 1390 1287 1471 Alexandro
1328 1392 1498 1469 VII.
1551 1417 1697 1497 pro
1756 1394 2259 1474 Novitiorum
2309 1397 2781 1502 receptione,
2843 1407 2918 1477 et
2974 1399 3172 1477 Pro-

820 1517 1222 1594 fessorum
1281 1516 1744 1598 educatione
1800 1519 2225 1600 salubriter
2265 1522 2689 1602 constituta
2747 1533 2957 1619 sunt,
3002 1523 3168 1628 qui-

819 1640 974 1718 bus
1032 1639 1410 1719 omnibus
1450 1639 1782 1721 firmiter
1812 1643 2167 1723 inhaeret
2203 1644 2597 1724 Sanctitas
2653 1647 2843 1736 Sua,
2885 1673 3197 1752 eaque,-

818 1773 1213 1869 quatenus
1270 1791 1475 1870 opus
1533 1766 1655 1860 sit,
1716 1767 2144 1846 confirmat
2201 1778 2274 1848 et
2330 1778 2686 1863 renovat,
2746 1769 2991 1849 salvis
3059 1781 3167 1849 ta-

819 1915 1005 1967 men
1065 1889 1143 1966 in
1226 1889 1376 1968 hac
1458 1900 1679 1994 parte
1737 1891 2245 1995 singulorum
2332 1894 2728 1973 Ordinum
2810 1894 3160 1984 Statutis,

819 2041 961 2091 seu
994 2014 1167 2092 aliis
1199 2014 1850 2095 Ordinationibus
1890 2015 1990 2095 ab
2022 2018 2486 2123 Apostolica
2524 2019 2755 2112 Sede,
2788 2019 2866 2096 in
2909 2020 3166 2131 forma

818 2138 1188 2243 specifica
1247 2148 1426 2244 post
1466 2140 1750 2219 eadem
1808 2141 2120 2220 decreta
2162 2142 2488 2220 forsitan
2532 2142 2990 2248 approbatis
3031 2124 3165 2221 aut

819 2262 1067 2361 editis,
1129 2273 1406 2342 exacte
1462 2274 1536 2342 et
1591 2263 1964 2344 inviolate
2022 2275 2456 2344 salventur.

977 2388 1069 2465 P.
1130 2388 1202 2466 2.
1247 2435 1349 2446 —
1388 2388 1776 2484 Quocirca
1837 2390 2059 2469 Sacr.
2094 2392 2383 2493 Congr.
2427 2390 2528 2468 ab
2569 2391 2851 2491 eodem
2882 2392 3165 2471 SS.mo

816 2515 1026 2592 D.no
1087 2513 1283 2591 Ν.Γο
1340 2539 1584 2618 super
1639 2513 2050 2618 disciplina
2099 2514 2481 2618 Regulari
2542 2515 2983 2620 specialiter
3042 2516 3169 2594 de-

815 2645 1107 2742 putata,
1168 2663 1373 2742 quae
1429 2637 1659 2744 plura
1707 2637 2093 2717 hactenus
2133 2665 2279 2743 pro
2320 2646 2534 2716 recta
2592 2638 3167 2719 nonnullorum

814 2762 1495 2842 Monasterioruni
1554 2762 2129 2866 gubernatione
2187 2762 2502 2843 decreta
2537 2763 2794 2859 edidit,
2856 2763 3166 2870 aliaque

813 2885 894 2962 in
943 2886 1110 2965 dies
1169 2886 1473 2965 editura
1556 2896 1698 2985 est,
1760 2897 1844 2966 ut
1929 2887 2307 2965 omnibus
2364 2888 2716 2994 praefata
2804 2889 3165 2994 ejusdem

815 3010 1071 3090 SS.mi
1130 3010 1454 3089 Dom.ni
1514 3011 1681 3090 Navi
1739 3038 1973 3089 mens
2025 3020 2309 3116 pateat,
2344 3038 2436 3090 ac
2492 3011 2828 3117 plenius,
2863 3020 2938 3090 et
2974 3013 3169 3092 cele-

815 3135 983 3212 rius
1041 3134 1503 3233 innotescat,
1564 3138 1659 3216 de
1717 3136 2096 3215 mandato
2181 3136 2629 3217 Sanctitatis
2713 3138 2928 3216 Suae
2986 3163 3165 3242 pre-

815 3257 1060 3337 sentis
1119 3257 1407 3337 decreti
1465 3267 1738 3337 tenore
1796 3258 2218 3340 denunciat
2284 3259 2671 3356 omnium,
2734 3270 2807 3336 et
2892 3259 3159 3362 singu-

815 3381 1077 3461 lorum
1137 3383 1532 3462 Ordinum
1590 3382 2117 3488 Regularium
2160 3383 2287 3485 (iis
2327 3385 2742 3464 dumtaxat
2780 3383 3158 3489 exceptiS,

814 3506 946 3611 qui
1004 3506 1082 3584 in
1140 3508 1512 3613 praefatis
1551 3507 1979 3587 Clementis
2036 3509 2222 3587 VIII
2282 3507 2617 3587 decretis
2678 3507 2988 3612 excepti
3046 3533 3165 3584 re-

814 3630 1252 3735 periuntur)
1292 3631 1855 3738 Superioribus
1899 3641 2061 3712 tam
2092 3630 2644 3720 Generalibus‚
2676 3657 2922 3736 quam
2963 3633 3160 3710 Pro-

814 3756 1304 3851 vincialibus,
1365 3783 1876 3862 quocumque
1933 3757 2258 3835 nomine
2331 3765 2917 3862 nuncupentur,
2979 3783 3160 3835 cae-

815 3881 1181 3988 terisque,
1225 3883 1324 3961 ad
1364 3908 1570 3988 quos
1601 3889 1927 3987 spectat,
1971 3890 2056 3961 ut
2094 3881 2171 3958 in
2211 3907 2692 3986 unaquaque
2731 3879 3163 3959 Provincia

813 4033 955 4111 per
1010 4005 1339 4102 Italiam,
1417 4013 1491 4084 et
1573 4004 1886 4084 Insulas
1972 4005 2420 4111 adjacentes
2478 4031 2725 4109 quam
2809 4003 3162 4110 primum

812 4132 1183 4237 deputent
1240 4130 1551 4236 aliquos
1607 4132 2089 4216 Conventus,
2152 4156 2356 4234 quos
2396 4129 2657 4232 magis
2717 4140 2945 4235 aptos
2985 4157 3161 4209 cen-

813 4255 1136 4351 suerint,
1195 4255 1318 4333 vcl
1375 4282 1629 4334 unum
1688 4253 1997 4348 saltem,
2072 4253 2338 4359 ibique
2420 4253 2879 4332 auctoritate
2934 4258 3162 4361 Apo-

813 4380 1086 4460 stolica
1146 4387 1490 4459 statuent
1546 4379 2099 4458 omnimodam
2141 4377 2733 4457 observantiam
2792 4377 3159 4481 Regulae

813 4505 1481 4586 Constitutionum
1575 4503 2204 4609 uniuscujusque
2287 4501 2634 4600 Ordinis,
2729 4510 2804 4581 et
2894 4503 3162 4583 decre-
