3550 5434
902 539 1060 594 -144-

395 747 648 826 quocumque
677 746 728 798 ex
756 718 866 799 titulo
886 719 1114 828 acquisitae,
1144 715 1299 798 etiamsi
1320 743 1371 795 ex
1391 715 1569 794 Consan-

397 843 633 949 guineorum
662 843 853 938 subsidio,
884 846 947 924 vel
974 845 1131 951 piorum
1151 840 1450 946 elargitionibus
1478 867 1572 946 pro-

396 977 548 1068 ventae,
569 976 841 1066 asserventur;
862 978 900 1049 et
918 997 970 1049 ex
988 968 1133 1076 quibus
1153 995 1245 1048 oum
1266 965 1431 1046 caeteris
1453 964 1571 1045 bonis

396 1120 443 1174 ac
470 1092 688 1172 redditibus
717 1094 947 1174 Conventus
982 1092 1210 1173 communis
1247 1091 1338 1172 inde
1365 1090 1494 1170 vietus
1522 1117 1570 1170 ac

396 1216 560 1296 vestitus
579 1217 766 1297 omnibus
786 1217 1027 1324 suppeditari
1046 1217 1193 1324 possit3
1214 1224 1251 1295 et
1269 1215 1568 1319 Religiosorum

396 1341 646 1445 singulorum
674 1342 989 1442 necessitatibus²
1010 1349 1205 1450 quantum
1233 1340 1489 1447 expostulare
1517 1339 1569 1416 vi-

396 1465 606 1564 dabuntur,
636 1465 850 1546 subvenire
879 1467 929 1547 ad
967 1476 1144 1546 mentem
1163 1467 1288 1546 Clem.
1318 1466 1364 1544 P.
1399 1465 1444 1544 P.
1475 1461 1568 1544 VIII

396 1590 435 1668 in
455 1593 571 1672 Decr.
593 1591 775 1671 General.
796 1593 830 1696 ἕ.
853 1593 889 1671 2.
910 1602 949 1672 et
967 1592 1029 1671 Pii
1047 1593 1182 1698 Papae
1202 1591 1290 1689 Vll,
1311 1590 1353 1668 in
1373 1593 1488 1670 Decr.
1518 1589 1567 1668 de

396 1715 618 1796 Reformat.
650 1716 828 1820 Regular
855 1718 891 1821 g.
920 1718 972 1795 X.

920 2090 956 2193 ἓ·
985 2089 1053 2168 8·“”

394 2317 465 2398 An
488 2319 662 2400 Ordines
680 2318 1000 2401 Mendicuntium
1012 2321 1165 2428 possint
1182 2322 1317 2425 Icqota
1335 2349 1363 2399 o
1371 2319 1567 2426 fidelibus

795 2479 932 2559 oblatu
961 2482 1168 2588 recipere?

473 2709 660 2791 Vidimus
674 2710 759 2817 jam
786 2709 1008 2791 Concilium
1023 2709 1299 2790 Tridentinum
1320 2736 1420 2790 sess
1443 2713 1494 2790 25
1518 2713 1568 2792 de

393 2834 583 2939 Regular.
613 2837 708 2941 Cap.
739 2835 775 2914 3.
797 2834 1036 2915 sancivisse:
1067 2842 1110 2913 ut
1131 2833 1289 2913 cuilibet
1316 2835 1567 2916 Monasterio

392 2959 498 3038 bona
528 2959 645 3039 etiam
664 2958 884 3039 immobilia
911 2959 1024 3038 liceat
1043 2959 1249 3064 possidere
1278 2959 1318 3038 in
1337 2961 1566 3052 Communi,

321 3157 322 3161 ,
392 3084 572 3190 exceptis
599 3082 792 3160 Domitius
816 3083 872 3186 ff.
910 3083 1120 3162 Minorem
1156 3082 1205 3160 do
1238 3081 1499 3162 Obseruantia
1527 3093 1568 3164 ct

395 3206 700 3316 Capacinorum.
736 3209 828 3287 Jam
865 3233 961 3287 vero
994 3207 1229 3314 plerumque
1266 3208 1417 3305 fideles
1456 3232 1568 3315 prae

391 3333 528 3413 sertim
556 3332 657 3411 inter
683 3331 890 3412 Dalmatas
917 3333 1126 3413 Fratribus
1154 3332 1393 3431 Minoribus
1424 3360 1475 3412 ex
1503 3334 1568 3413 de-

390 3457 548 3536 votione
575 3458 615 3537 S.
645 3456 899 3556 Fundatoris‚
929 3457 1100 3537 offerunt
1127 3457 1257 3560 legata
1285 3457 1399 3564 eujus
1436 3459 1567 3538 fructu

390 3581 573 3662 satisfieri
593 3582 736 3662 debent
756 3582 913 3662 adnexa
932 3609 1055 3662 onera
1073 3582 1297 3662 secundum
1319 3581 1566 3662 voluntatem

390 3707 638 3788 Institutoris.
677 3706 915 3813 Superiores
943 3706 1053 3786 hisce
1082 3708 1121 3785 in
1151 3706 1313 3787 casibus
1342 3706 1392 3786 ad
1420 3707 1568 3788 Sedem

389 3832 664 3938 Apostolicam
692 3859 831 3939 preces
859 3833 1074 3932 remittunt,
1095 3833 1247 3913 ratione
1275 3844 1504 3938 temporum
1527 3841 1567 3912 et

389 3958 634 4038 necessitatis
663 3958 888 4054 comitatas;
920 3984 966 4037 ao
993 3956 1214 4038 humillime
1246 3966 1385 4064 petunt
1412 3958 1477 4037 illa
1505 3985 1568 4038 ao

390 4084 571 4190 captandi
598 4083 806 4164 licentiam.

469 4209 509 4288 S.
552 4207 830 4312 CongregatiO,
871 4207 1027 4287 attentis
1067 4206 1347 4287 informatione
1389 4213 1427 4286 et
1468 4214 1561 4286 voto

389 4333 435 4412 P.
464 4333 745 4412 Procuratoris
773 4332 924 4412 Genlis
952 4332 1126 4432 Ordinis,
1147 4332 1319 4437 benigne
1339 4332 1477 4413 annuit
1504 4359 1567 4412 ar-

391 4456 506 4538 bitrio
535 4465 572 4538 et
599 4457 874 4538 Conscientiae
903 4459 949 4537 P.
979 4456 1184 4537 Generalis
1224 4459 1273 4538 ad
1302 4458 1487 4538 effectum
1515 4457 1565 4536 de
