3550 5434
924 489 1086 542 -212-

410 665 509 773 pleso
552 665 841 771 praemittenda
879 667 930 746 ad
973 693 1158 778 normam
1189 667 1346 748 Summi
1389 671 1600 751 Pontificis

416 789 476 868 Pii
505 791 642 896 Papae
672 791 760 871 [Xe

494 916 683 995 Diximus
706 916 804 1022 jam,
834 923 996 1022 peracto
1026 919 1221 1014 transitu;
1251 919 1503 1023 Relipi'osum
1533 947 1599 1000 co·

415 1067 503 1120 ram
545 1067 642 1120 noro
689 1041 844 1120 Ordine
885 1041 960 1121 illis
1003 1042 1298 1124 conditionibus
1341 1044 1518 1142 inveniri,
1554 1045 1598 1124 in

415 1165 562 1270 quibus
590 1193 724 1246 omnes
754 1169 1013 1247 inueniuntur
1039 1167 1323 1261 Postulontes;
1343 1169 1502 1274 quodsi
1525 1172 1599 1248 isti

413 1290 666 1396 praemittere
694 1289 865 1371 debeant
903 1293 1199 1398 professionem
1226 1293 1460 1399 simplicem,
1495 1293 1600 1372 Pro-

414 1414 576 1493 lessioni
604 1415 783 1511 soleoeni,
814 1443 886 1494 cur
906 1423 943 1494 et
963 1415 1014 1494 illi
1035 1416 1086 1496 ad
1106 1416 1182 1497 hoc
1200 1419 1367 1496 nu'nimo
1386 1421 1596 1498 tenentur?

413 1539 586 1618 Videant
615 1540 653 1618 id
682 1549 840 1619 maturo
870 1540 1036 1619 consilio
1065 1539 1314 1648 Superiores
1337 1550 1373 1621 et
1393 1544 1598 1648 quaestio-

413 1689 507 1741 nem
536 1664 708 1759 solvant3
738 1664 841 1769 quin¹
862 1664 1061 1744 deducant
1097 1664 1191 1744 illud
1220 1665 1357 1744 inutile
1383 1667 1596 1763 motivum,

414 1789 521 1892 quod
551 1814 680 1868 novus
709 1788 939 1893 Religiosus
968 1789 1053 1897 jam
1082 1793 1264 1869 emiserit
1295 1793 1597 1898 professionem.

412 1913 649 2019 simplicem:
682 1914 754 1993 sed
796 1913 1196 1994 animadvertendum
1238 1923 1307 2014 est,
1337 1915 1377 1994 in
1416 1941 1598 2022 quonam

414 2038 552 2117 ordine
581 2065 671 2118 eam
700 2037 897 2118 emiserit?

493 2166 702 2259 Quaenam
731 2164 808 2242 sint
835 2167 872 2242 4.
904 2164 1166 2268 obligationes
1185 2164 1377 2270 Religiosi
1398 2167 1464 2271 qui
1485 2174 1598 2246 trun-

414 2287 536 2367 situm
565 2289 612 2367 ad
643 2288 763 2367 aliam
790 2288 1025 2392 religionem
1054 2291 1232 2394 peregit?

494 2414 597 2492 Sunt
633 2439 775 2492 omnes
811 2412 910 2508 illae,
942 2440 1045 2519 quae
1071 2413 1112 2491 in
1141 2440 1246 2492 nova
1274 2415 1596 2518 Congregatione

413 2563 486 2643 pro
514 2537 784 2641 Regularibus
813 2548 851 2617 et
879 2537 1174 2617 Communitate
1211 2539 1465 2617 inveniuntur
1502 2566 1597 2617 con-

413 2663 580 2741 stitutae.
611 2662 690 2741 Sed
719 2661 956 2767 plerumque
998 2661 1298 2768 disputatur-
1340 2690 1392 2741 an
1432 2663 1529 2768 ipse,
1559 2665 1594 2742 si

414 2787 529 2866 aetati
557 2797 780 2892 provectae,
812 2788 1130 2892 praecedentiam
1160 2814 1254 2893 prae
1270 2787 1409 2868 ceteris
1425 2787 1598 2868 habeat?

413 2911 580 2990 Minime
609 2911 790 3016 quidem:
820 2922 858 2991 et
877 2911 916 2989 in
932 2915 1056 2992 Coetu
1072 2912 1382 3017 Religiosorum,
1399 2913 1449 2992 ad
1470 2939 1595 3017 quem

414 3034 591 3141 pertinet,
622 3033 807 3113 ultimum
835 3042 969 3113 tenere
989 3035 1129 3114 debeat
1148 3036 1294 3133 locum,
1316 3036 1407 3141 quia
1428 3036 1595 3115 ultimus

413 3159 645 3239 Claustrum
674 3169 733 3238 est
761 3160 981 3263 ingressus

493 3283 733 3364 Verificatur
786 3284 863 3362 hee
916 3284 955 3361 in
1005 3283 1402 3363 transfiliutionibusl
1456 3285 1595 3390 Nepe-

413 3410 514 3486 tioe:
543 3409 634 3514 quia
662 3409 933 3503 transfiliatus,
959 3409 1044 3516 jum
1073 3409 1111 3486 in
1142 3409 1278 3488 ordine
1308 3417 1434 3488 extat:
1455 3410 1593 3515 inquo

412 3532 588 3613 lucratus
631 3546 689 3614 est
729 3561 828 3614 suos
871 3535 1034 3639 graduS,
1078 3561 1180 3640 quos
1222 3561 1382 3614 seruare
1424 3535 1593 3633 videtur,

414 3660 597 3762 quamvis
626 3659 675 3738 de
703 3687 784 3738 uno
813 3659 854 3738 in
882 3660 1005 3738 ulium
1034 3661 1305 3754 Conventum;
1344 3659 1392 3738 de
1429 3685 1510 3738 una
1551 3659 1593 3736 in

412 3782 532 3862 aliam
560 3783 815 3862 Provinciam
844 3783 1154 3862 accidentaliter
1181 3783 1367 3862 traslatus
1396 3783 1521 3862 fuerit.

492 3908 595 4004 Quid
623 3911 677 3987 5.⁰
706 3909 919 3988 dicendum
953 3918 1013 3987 est
1044 3939 1063 3984 «
1085 3910 1206 3988 relate
1227 3909 1275 3987 ad
1302 3909 1594 3987 Transeuntem

412 4035 459 4114 ad
491 4032 610 4112 aliam
639 4033 940 4136 Religionem»
975 4034 1024 4112 de
1053 4035 1222 4140 juribus
1251 4035 1446 4139 qrcuesitis
1481 4032 1593 4112 alteri

416 4157 635 4236 Conoentui
662 4159 720 4236 rel
740 4159 1020 4237 Prouincicel

492 4281 628 4361 Solent
656 4284 839 4362 docteres
860 4283 1101 4388 distinguere
1120 4283 1222 4363 inter
1241 4283 1358 4382 hona,
1381 4308 1484 4386 quae
1500 4291 1591 4361 unte

412 4406 623 4486 transitum
652 4407 717 4486 tali
744 4407 950 4511 Religioso
985 4408 1112 4488 delata
1154 4417 1264 4487 sunt:
1309 4417 1345 4486 et
1387 4407 1487 4486 inter
1529 4433 1590 4504 ea,
