3550 5434
713 570 873 626 -131-

204 757 355 848 rantur,
384 747 424 826 in
462 775 517 846 re,
560 747 774 846 Professis,
818 748 884 854 qui
914 750 1020 827 Votu
1060 749 1251 828 solemnia
1287 757 1381 828 sunt

204 873 433 980 nuncupati.

287 1001 363 1078 Ast
390 997 470 1077 duo
499 1024 522 1077 u
550 997 592 1078 S.
622 997 943 1102 Congregutione
971 996 1205 1104 plerumque
1224 995 1264 1075 in
1283 1023 1382 1077 cusu

202 1123 469 1232 requiruntur.

341 1247 380 1324 1ο
407 1243 621 1340 Quomodo
651 1242 949 1349 intelligendum
971 1291 1021 1303 ἡ
1040 1253 1083 1324 ut
1110 1244 1260 1328 Neritii
1284 1244 1384 1324 Sim-

195 1373 320 1480 plices
347 1370 504 1478 possint
532 1370 745 1476 disponere
774 1372 823 1451 de
852 1369 1022 1450 dominio
1052 1368 1233 1467 redienti,
1273 1369 1383 1477 quod

201 1507 264 1577 est
292 1496 436 1600 majus,
467 1503 505 1575 et
533 1522 615 1574 non
644 1495 800 1602 possint
842 1496 1055 1602 disponere
1097 1496 1146 1576 de
1188 1497 1382 1576 bonorum

201 1623 548 1703 administratione
576 1629 614 1700 et
642 1621 691 1701 de
721 1623 950 1718 usufructu,
981 1620 1089 1727 quod
1118 1627 1178 1699 est
1219 1619 1383 1700 minus?

283 1749 335 1827 Et
360 1750 400 1829 S.
431 1746 697 1852 Congregutio
726 1747 925 1853 reposuit:
955 1747 1049 1854 quia
1077 1747 1289 1826 dominium
1317 1775 1383 1824 ra-

198 1872 331 1951 dicale
358 1875 623 1957 Rnnurrrmns
651 1872 725 1952 sibi
751 1874 992 1965 rese-eane
1035 1898 1081 1950 ac
1124 1871 1292 1978 proinde
1333 1870 1382 1950 de

198 2023 248 2076 eo
279 1996 492 2103 disponere
535 2023 607 2103 pro
649 1994 774 2076 lubitu
815 2004 965 2101 potest:
1004 2023 1025 2075 e
1067 2004 1207 2076 contro
1244 2021 1381 2075 rerum

197 2121 490 2202 administratio
520 2131 557 2201 et
584 2121 839 2201 ususfructus
868 2121 903 2199 ei
933 2128 1027 2200 sunt
1067 2120 1307 2214 interdicta;
1345 2128 1383 2200 et

197 2273 272 2353 per
302 2273 554 2355 consequens
582 2245 655 2352 ipsi
686 2253 867 2350 negetur,
899 2253 942 2325 ut
970 2246 1019 2326 de
1047 2244 1110 2325 his
1145 2246 1341 2352 disponet.

337 2373 377 2450 2⁰
404 2371 506 2468 Quid
536 2371 569 2450 si
599 2397 620 2449 e
647 2369 727 2449 vita
757 2369 940 2474 discessit
967 2370 1029 2450 vel
1062 2370 1229 2451 ulterius
1257 2370 1383 2451 noluit

195 2494 524 2574 Administrntor
539 2493 745 2599 delegatus
760 2493 1145 2574 administrationem
1166 2496 1383 2602 prosequi?

195 2618 274 2700 Cui
289 2620 588 2718 recurrendum,
605 2645 678 2726 pro
694 2619 984 2699 Substitntione
998 2619 1383 2701 Administratorr'st

195 2791 253 2803 -
284 2743 334 2823 ad
363 2745 550 2825 eumdem
578 2743 829 2848 Religiosum
859 2790 910 2802 -
939 2744 990 2823 od
1017 2743 1275 2850 Superiorem
1304 2745 1383 2825 Go-

195 2869 382 2947 nerelem
410 2865 551 2946 -vel
580 2867 711 2973 potius
741 2868 791 2947 ud
819 2867 859 2949 S.
889 2867 1060 2947 Sedem‘.2

283 2993 333 3072 Et
374 2993 413 3072 S.
453 2991 718 3096 Congregetio
760 2990 956 3098 reposuit:
998 2991 1288 3071 recurrendum
1326 2991 1384 3070 ad

195 3117 243 3195 S.
275 3114 432 3194 Sedem.

723 3471 757 3574 §-
789 3471 857 3548 2³¹⁵

195 3705 293 3784 Leae
313 3701 362 3780 de
378 3702 632 3809 Paupertate
651 3702 867 3808 respr'citne
892 3699 1027 3779 eodem
1060 3698 1177 3779 rnodo
1207 3698 1380 3778 Ordines

309 3862 580 3960 Possidentes,
611 3887 687 3968 qno
716 3867 754 3940 et
785 3860 958 3940 Ordines
985 3859 1292 3939 Mendicantes?

281 4113 387 4194 Huic
424 4111 647 4219 quaestioni
681 4110 867 4192 satisfieri
904 4111 1095 4209 volentes
1135 4110 1380 4215 distinguen-

196 4241 298 4321 dum
328 4245 407 4317 est:
437 4237 498 4316 vel
528 4236 657 4341 agitur
684 4236 733 4316 de
767 4233 932 4333 Ordine,
949 4235 1003 4315 uti
1033 4236 1082 4316 de
1106 4235 1284 4342 Corpore
1301 4261 1382 4314 rno-
1455 4230 1462 4250 '

198 4364 297 4460 rati,
329 4362 387 4442 vel
417 4363 466 4442 de
493 4360 712 4466 Religiosis
732 4362 931 4468 personis,
948 4387 1050 4466 quoe
1088 4360 1182 4440 illud
1219 4361 1376 4467 Corpus

197 4486 455 4567 constituunt.
