3550 5434
657 1087 750 1153 Pens
782 1087 953 1154 Sanusne.

341 1319 377 1374 ne
396 1316 455 1388 tene
475 1317 611 1376 servande
629 1318 655 1374 tn
674 1317 859 1378 admittunt
878 1319 994 1379 novule
1012 1318 1047 1376 ad
1066 1317 1267 1388 protesilaum

689 1495 931 1553 ...m-...-

301 1787 388 1861 Art.
417 1783 445 1862 Ι.
475 1783 725 1889 Quicumque
754 1809 804 1863 ax
833 1782 1062 1887 Religiosis‚
1082 1792 1119 1862 et
1148 1781 1397 1863 Novitiiseli-

216 1906 334 2012 eujus
365 1906 537 2000 Ordinis
567 1907 910 2012 Congregationis
952 1907 1173 2006 societatis,
1212 1906 1394 2001 Instituti

215 2031 467 2127 Monasterii,
496 2033 667 2128 Demus
688 2031 903 2138 dequibus
923 2040 1023 2137 part.
1044 2033 1073 2112 Ι.
1099 2033 1242 2112 decret.
1264 2039 1335 2110 art.
1366 2033 1394 2111 I.

215 2156 450 2259 cognoverit
464 2154 668 2235 Novitium
682 2155 744 2234 sui
761 2155 931 2234 Instituti
946 2155 1079 2261 aliquo
1094 2156 1392 2262 impedimento,

214 2279 282 2358 vel
311 2278 423 2383 gravi
451 2279 604 2382 delectu
640 2279 916 2386 praepeditum
952 2306 1043 2359 esse
1078 2280 1128 2359 ad
1160 2279 1393 2382 religiosum

215 2411 368 2482 statum
394 2403 468 2482 rite
495 2404 800 2501 assumendum,
829 2403 1160 2510 impedimentum
1194 2405 1328 2510 ipsum
1356 2411 1395 2482 et

214 2528 416 2608 defectum
443 2528 647 2634 Superiori
675 2531 907 2608 Conventus
936 2527 1171 2623 NovitiatuS,
1207 2526 1268 2607 vel
1294 2528 1394 2607 Pro-

213 2653 373 2732 vinciali
402 2653 574 2757 generali
618 2655 875 2734 manifestare
916 2661 1109 2733 teneatur.
1155 2653 1393 2759 Superiores

213 2802 314 2856 vero
343 2776 616 2857 denunciantis
645 2802 796 2856 nomen
816 2785 1016 2856 secretum
1044 2777 1249 2857 retineant.

299 2907 386 2981 Art.
424 2902 469 2982 ll.
511 2903 645 3007 Prope
686 2900 904 2982 terminum
946 2902 1138 3008 cujusque
1181 2901 1393 2982 trimestris

215 3026 443 3127 novitiatus,
459 3028 652 3132 Magister
666 3027 917 3106 Novitiorum
933 3027 1172 3107 Provinciali
1186 3029 1234 3107 de
1250 3028 1393 3132 agendi

215 3151 371 3232 ratione
398 3153 590 3260 cujusque
618 3152 763 3232 Novitii
792 3160 939 3257 scripto
968 3153 1123 3232 referat.

298 3282 385 3358 Art.
416 3278 478 3358 Ill.
508 3277 679 3358 Duobus
720 3275 930 3356 mensibus
972 3285 1062 3355 ante
1098 3277 1391 3381 professionem

214 3401 480 3482 Provincialis
508 3402 592 3482 sive
620 3428 691 3508 per
720 3428 775 3498 se,
807 3401 892 3480 sive
933 3427 1004 3507 per
1041 3401 1162 3480 alium
1200 3401 1391 3480 idoneum

214 3523 470 3630 Religiosum
499 3525 574 3605 sibi
602 3525 836 3606 benevisum
869 3523 1015 3604 Novitii
1056 3525 1300 3604 voluntatem
1334 3525 1392 3604 di-

214 3649 383 3753 ligenter
411 3649 590 3756 exploret
618 3675 669 3728 an
698 3661 872 3749 coaetus,
903 3676 954 3729 an
983 3649 1172 3730 seductus
1200 3650 1262 3748 sit,
1310 3676 1389 3755 quo

215 3773 358 3880 spiritu
386 3776 434 3854 ad
463 3782 611 3855 statum
639 3774 873 3880 religiosum
903 3776 1058 3871 duetus,
1089 3801 1140 3853 an
1169 3774 1268 3854 seint
1296 3774 1389 3880 quid

216 3908 321 4002 agat,
364 3924 416 3978 an
457 3897 718 4003 obligationes
761 3909 888 3979 status
931 3899 1117 4003 religiosi,
1158 3910 1195 3978 et
1227 3899 1389 4002 regulae

214 4036 428 4126 agnoseat:
445 4033 598 4104 secreto
614 4025 747 4104 audiet
763 4036 846 4103 tum
862 4024 1103 4129 Magistrum
1123 4024 1388 4123 Novitiorum,

214 4155 301 4226 tum
329 4148 510 4228 Novitios
538 4175 612 4228 nee
640 4174 721 4228 non
752 4147 982 4252 Religiosos
1008 4149 1127 4227 etiam
1160 4150 1389 4228 Conversus

214 4275 445 4353 Conventus
473 4299 545 4352 seu
564 4275 722 4352 Domus
744 4273 970 4352 Novitiatus
989 4272 1094 4353 eirca
1114 4273 1317 4353 Novitium
1338 4275 1388 4354 ad

214 4397 507 4502 professionem
549 4397 851 4477 admittendum.
895 4400 985 4493 Quo
1028 4398 1130 4477 facto
1163 4396 1387 4503 Capitulum
