3550 5434
680 589 839 644 -195-

164 797 293 848 unam
308 768 368 848 vel
383 769 558 848 atterum
572 794 741 848 causam
750 770 870 847 tatem
886 769 1064 875 proferre
1079 765 1348 847 disertionem:

164 893 240 972 sed
269 918 410 972 omnes
439 891 583 972 simul:
613 900 651 972 et
678 893 720 972 S.
750 891 1027 997 Congregatio‚
1050 898 1205 998 arrepta
1237 917 1353 969 occa-

163 1017 293 1116 sione,
313 1016 601 1123 Superioribus
617 1016 780 1098 Ordinis
801 1044 871 1096 eas
892 1043 1119 1097 memorare
1139 1042 1220 1095 non
1239 1015 1352 1095 dubi-

165 1142 277 1240 tavit3
297 1169 345 1222 ac
363 1140 602 1248 praesertim
623 1141 756 1245 quoad
776 1141 1029 1221 Nooitictus:
1045 1141 1098 1222 ita
1117 1149 1161 1220 ut
1180 1139 1254 1246 ipsi
1269 1165 1351 1219 non

163 1266 206 1345 in
227 1275 496 1405 contemptum
517 1274 714 1372 ponerent
729 1266 903 1372 regulae,
920 1292 1036 1373 quae,
1053 1267 1102 1346 ad
1123 1265 1351 1371 uniuscuju-

161 1418 268 1498 sque
283 1401 532 1471 vocatmnem
547 1391 810 1497 probandam,
828 1399 996 1470 statutae
1008 1390 1269 1498 reperiuntur3
1286 1416 1352 1468 ne·
1410 1437 1413 1453 =

162 1542 248 1620 que
258 1515 418 1620 proclivi
434 1522 568 1595 essent
578 1514 629 1594 ad
644 1516 857 1621 petendam
868 1515 1205 1621 dispensationem
1210 1517 1349 1622 partie

160 1639 403 1733 NovitiatuS‚
433 1640 637 1746 usquead
671 1637 967 1738 dimidietatem
995 1640 1089 1718 anni
1136 1640 1346 1720 Canonici.

160 1767 300 1859 Quam
328 1764 664 1870 dispensationem
694 1765 820 1844 Sacra
840 1765 1109 1870 Congregatio
1129 1764 1348 1844 concedere

160 1888 396 1987 ordinario,
427 1896 557 1992 negat,
587 1889 658 1968 sed
687 1889 927 1994 quandoque
961 1889 1179 1970 rationibus
1208 1916 1349 1996 pressa

160 2040 287 2118 aegre
315 2013 471 2111 tribuit;
501 2014 722 2094 observans
751 2023 885 2093 tamen
915 2061 966 2074 --
992 2014 1241 2120 Superiores
1273 2014 1349 2094 hac

160 2137 436 2238 sollicitudine,
467 2137 622 2217 honum
651 2164 782 2242 neque
812 2138 975 2218 Ordinis
1008 2165 1137 2246 neque
1156 2138 1348 2242 Religiosi

159 2272 272 2344 certe
300 2290 503 2369 peragere.

248 2388 346 2466 Heio
389 2386 546 2490 exurgit
588 2386 707 2465 etiam
736 2388 813 2466 alia
842 2387 1022 2494 quaestio
1051 2387 1152 2466 inter
1181 2388 1349 2468 Canoni-

158 2522 251 2592 stas
283 2541 302 2588 «
331 2519 468 2590 utrum
497 2511 735 2616 Superiores
751 2512 917 2590 lnstituti
939 2541 958 2588 u
984 2521 1200 2618 postquem
1216 2539 1347 2592 cinnas

157 2637 389 2718 Novitiatus
432 2636 658 2743 expleverit,
702 2636 857 2742 possint
899 2637 1031 2716 adhuc
1060 2638 1099 2715 in
1143 2637 1345 2715 Novitiatu

157 2762 334 2842 retinere
351 2759 643 2856 Postulantem‚
660 2759 727 2864 qui
743 2785 825 2837 non
841 2759 991 2839 dederit
1006 2759 1209 2864 religionis
1230 2759 1345 2864 signa

159 2885 372 2992 quaesita?
399 2889 449 2966 Et
476 2885 657 2964 nonnulli
687 2885 970 2966 affirmativam
999 2894 1159 2966 tuentur
1190 2893 1347 2965 senten-

156 3011 274 3090 tiam.
303 3009 383 3089 Sed
412 3009 451 3087 in
481 3009 642 3088 veritate
670 3037 750 3088 non
779 3019 874 3088 sunt
892 3058 905 3068 -
925 3037 1101 3116 namque
1120 3010 1345 3091 Concilium

156 3135 339 3215 Trident.
369 3161 468 3213 sess,
485 3135 624 3233 XXV,
641 3135 689 3214 de
704 3135 975 3239 Regularibus
1004 3138 1101 3243 Cap.
1126 3137 1174 3216 16
1194 3183 1206 3194 ·
1225 3144 1346 3215 tana-

158 3263 243 3340 tr'oe
283 3259 414 3364 legem
456 3259 694 3366 proponit«
729 3259 839 3339 linito
881 3269 1063 3366 ternpore
1106 3261 1341 3358 Novitiatus

160 3415 183 3463 «
216 3409 320 3489 quos
349 3383 502 3463 habiles
530 3383 753 3461 invenerint
773 3385 823 3463 ad
838 3385 1108 3490 profitendum
1124 3384 1342 3484 admittant,

161 3539 186 3587 «
217 3516 325 3587 caute
341 3510 608 3589 Monasrnaro
627 3532 698 3587 eos
711 3508 881 3612 ejicicmt
896 3539 933 3588 ».
950 3494 1076 3606 'Quae
1094 3508 1160 3588 lex
1180 3519 1240 3589 est
1271 3509 1346 3587 Go-

154 3634 331 3724 neratia·
360 3634 513 3713 acideo
542 3632 774 3712 universam
804 3633 1027 3713 Ecclesiam
1042 3634 1345 3740 comprehendit

153 3807 169 3818 -
202 3758 408 3864 quomodo
451 3757 646 3863 Superior
690 3757 874 3835 [restituti
907 3759 1196 3864 peuticulcrr‘s,
1240 3758 1345 3837 hanc

154 3885 294 3988 legem
323 3881 517 3986 derogare
546 3881 715 3990 poterit?

241 4008 473 4087 Recurrunt
501 4007 696 4087 interesse
724 4006 916 4086 habentes
944 4005 1183 4113 plerumque
1212 4008 1261 4088 ad
1299 4009 1341 4087 S.

154 4132 527 4235 Congregationem
557 4132 607 4211 ad
636 4131 744 4210 lmnc
773 4132 981 4210 ellectum:
1012 4139 1048 4210 et
1076 4130 1139 4209 liic
1168 4133 1209 4210 S.
1240 4132 1340 4211 ordo

153 4267 248 4336 tum
290 4256 505 4362 dispensat,
535 4283 629 4336 cum
669 4252 858 4336 Neritius
887 4254 983 4334 satis
1025 4255 1179 4335 virtutis
1209 4265 1246 4334 et
1273 4255 1341 4334 ho-

153 4379 326 4460 nestatis
354 4381 470 4484 signa
498 4381 665 4462 dederit:
696 4409 742 4460 ac
771 4379 994 4486 periculum
1023 4406 1105 4459 non
1134 4381 1234 4460 adsit
1253 4380 1340 4460 aliis

150 4504 364 4585 molestias
406 4506 560 4604 afferre,
604 4513 641 4584 et
683 4504 874 4584 scandala
916 4505 1028 4585 facile
1062 4505 1336 4584 communitati

41 4710 50 4722 ,
156 4629 346 4709 tribuere.
