3550 5434
43 4571 45 4620 l

707 555 867 610 -163-

198 733 355 815 dictioni
383 734 669 814 subiicereutur
698 735 966 814 torrr'toriob's
994 735 1286 814 Prooincr'ob's:
1302 735 1369 840 qui

198 858 247 938 de
274 858 453 964 ipsorum
482 858 672 954 moribus
703 868 740 939 el
773 859 1059 939 consuetudine
1079 858 1304 964 quotannis,
1334 868 1372 939 et

197 983 529 1088 quandocumque
548 991 729 1086 rogatus,
755 984 976 1090 respective
992 983 1235 1063 Provinciali
1255 984 1372 1062 refer-

198 1116 267 1187 ret.
297 1108 417 1187 Dccr.
455 1109 485 1186 5
514 1107 621 1212 Auq.
653 1107 779 1188 1872.
811 1137 846 1188 n.
886 1109 1071 1190 160390.
1102 1110 1153 1188 Et
1195 1134 1371 1214 quanam

198 1231 461 1312 rationehaec
489 1231 641 1313 edixit?
667 1233 729 1312 Ne
757 1231 950 1338 Religiosi
979 1231 1147 1338 dispersi
1177 1233 1263 1312 sine
1290 1230 1371 1312 ulla

198 1356 385 1436 relatione
400 1383 493 1436 cum
507 1357 679 1462 propriis
698 1358 992 1464 Superioribus
1013 1357 1145 1462 magis
1160 1357 1370 1462 magisque

196 1481 420 1560 commodis
461 1483 722 1562 concederent
750 1509 844 1562 cum
880 1481 1203 1563 Christifidelium
1245 1481 1370 1562 admi-

196 1604 360 1683 ratione.

275 1729 416 1808 Statuit
442 1730 479 1808 2.
510 1729 696 1810 ordinum
710 1731 918 1810 Antistites
946 1732 986 1810 in
1015 1739 1281 1839 praeservata,
1303 1741 1371 1812 aut
1407 1727 1416 1747 ’

195 1854 398 1959 redempta
427 1852 639 1951 Coenobia,
670 1855 798 1934 rolin
827 1856 1046 1935 conductas
1075 1864 1281 1962 emptasve
1300 1857 1371 1936 do·

194 2003 287 2056 mos
315 1976 520 2083 dispersos
535 1978 685 2057 sensim
705 2005 952 2084 congregare
971 1979 1152 2059 subditos
1172 1988 1368 2078 curarent,

193 2101 261 2206 qui
290 2101 461 2180 debitam
488 2101 766 2209 Superioribus
796 2103 1064 2206 Regularibus
1102 2103 1367 2184 obedientiam

193 2233 401 2306 servarent
428 2234 545 2330 atque
573 2227 854 2322 reverentiam3
884 2255 1003 2308 secus
1018 2229 1125 2308 enim
1146 2229 1370 2309 amitterent

193 2349 500 2454 exemptionem,
530 2358 567 2429 et
586 2350 661 2430 alia
688 2351 968 2457 privilegialis
1005 2378 1029 2431 a
1065 2353 1167 2432 Sede
1194 2357 1370 2459 Aposto-

191 2473 270 2552 lica
311 2472 595 2580 quoquomodo
638 2503 843 2556 concessa.
872 2478 996 2557 Dccr.
1029 2476 1194 2580 5Aup.
1244 2476 1368 2558 1872.

192 2627 231 2677 η.
252 2598 440 2678 160391.

272 2725 322 2802 Et
349 2747 524 2829 quanam
553 2724 703 2804 ratione
723 2724 821 2805 haec
841 2727 880 2806 S.
903 2725 1167 2829 Congregalio
1197 2725 1236 2806 id
1255 2751 1364 2832 prae-

188 2845 376 2952 scripsit?
403 2848 495 2953 quia
523 2847 717 2952 Religiosi
745 2849 784 2926 in
807 2848 963 2928 vinculo
988 2847 1098 2954 pacis
1117 2858 1253 2929 essent
1271 2877 1364 2930 cum

189 2970 277 3050 suis
317 2969 618 3075 Superioribus}
648 2998 720 3051 eos
762 2972 911 3052 inscios
955 2999 1036 3052 non
1080 2973 1367 3080 relinquerent:

186 3121 410 3201 eorumque
438 3096 718 3202 dispositiones
746 3099 1027 3204 adimplerent:
1057 3125 1107 3177 ne
1123 3108 1305 3204 optarent
1324 3100 1363 3178 in

187 3219 351 3299 saeculo
392 3212 630 3300 libertatem:
673 3229 740 3301 aut
769 3222 949 3302 modicae
989 3222 1080 3302 fidei
1123 3222 1364 3303 haesitantes

186 3344 399 3424 formidine
441 3371 607 3423 manum
634 3345 796 3424 Domini
830 3372 952 3452 super
983 3346 1206 3426 Ecclesiam
1248 3373 1365 3427 suam

187 3467 276 3547 fore
304 3468 571 3548 abbreviatam
599 3477 792 3574 putarent.

270 3591 407 3671 Voluit
434 3593 471 3672 3.
501 3600 543 3671 ut
571 3593 738 3699 quisque
768 3594 998 3698 Religiosus
1026 3595 1066 3672 in
1093 3595 1229 3675 Sacris
1250 3597 1367 3676 Ordi-

186 3715 309 3796 nibus
338 3715 574 3797 constitutus
605 3719 721 3820 iufra
749 3745 823 3797 sac
856 3745 1007 3798 recuses
1035 3719 1075 3797 in
1105 3747 1183 3799 una
1225 3720 1367 3824 quavis

184 3839 384 3938 Dioeoesi,
415 3840 464 3921 de
491 3840 646 3920 licentia
676 3841 875 3922 Ordinarii
897 3870 989 3922 curn
1010 3843 1243 3949 Apostolica
1263 3843 1367 3924 Sede

185 3964 360 4071 gratiam
375 3973 412 4044 et
441 3965 768 4045 communionem
783 3966 976 4063 habentis
993 3968 1130 4047 sedem
1151 3967 1364 4075 posuisset:

185 4089 297 4170 unde
337 4089 424 4188 nisi,
455 4089 505 4168 ob
543 4090 752 4194 probatam
794 4115 971 4188 causam,
1001 4099 1039 4169 et
1067 4091 1169 4170 facta
1212 4090 1284 4170 sibi
1328 4090 1367 4170 in

181 4212 347 4320 scriptis
362 4214 412 4293 ad
440 4239 666 4317 congruum
693 4221 851 4320 tempus
866 4219 951 4293 tum
967 4215 1015 4293 ab
1030 4213 1119 4322 ipso
1139 4215 1365 4315 Ordinario,

184 4347 274 4419 tum
321 4365 345 4417 a
390 4336 603 4443 Superiora
649 4337 841 4442 Regulari
887 4337 1115 4419 discedendi
1165 4339 1364 4438 facultate,

184 4464 331 4542 abesse
361 4461 527 4541 minime
560 4461 862 4542 audeat-secus
882 4488 1091 4568 srcspcusus
1115 4463 1173 4541 od
1192 4463 1328 4570 bonepl
1354 4511 1369 4523 ·
