3550 5434
749 545 911 600 -179-

243 759 266 806 «
299 725 495 806 Oratores
513 726 693 833 suspensi
713 727 764 803 ab
785 728 987 806 coercitio
1020 724 1190 806 Ordinis
1208 733 1415 822 nroaoont,

243 884 263 926 a
294 851 423 930 donec
454 851 494 930 S.
537 848 832 930 Patrimonium
860 849 936 930 sibi
979 877 1061 930 non
1090 850 1352 947 constituant3
1382 859 1420 930 et

243 1006 265 1051 a
294 975 541 1081 Episcopum
555 975 796 1055 benevolum
810 981 1060 1082 receptorem
1070 1002 1153 1056 non
1163 974 1367 1055 inveniant
1381 1003 1417 1054 ».

321 1099 362 1179 Si
390 1107 524 1178 tamen
552 1099 628 1206 ipsi
665 1099 744 1178 sint
779 1101 1021 1206 simpliciter
1050 1099 1231 1206 professi,
1261 1126 1309 1179 ac
1346 1100 1420 1178 Pa·

238 1221 484 1317 trimonium,
514 1229 552 1300 et
593 1221 839 1327 Episcopum
881 1221 1125 1302 benevolum
1167 1229 1416 1328 receptorem

239 1345 434 1444 exibeant,
465 1371 586 1452 super
614 1347 715 1425 uotis
732 1347 981 1454 simplicibus
993 1348 1265 1454 praemortuus,
1282 1353 1320 1426 et
1335 1349 1418 1425 obe-

238 1471 419 1550 dieutiae
446 1497 540 1550 cum
569 1470 644 1549 illis
674 1471 939 1577 dispensatur.

374 1600 412 1675 4.
442 1597 484 1676 Si
512 1605 654 1700 agatur
673 1598 722 1676 de
745 1597 877 1675 Lurco
905 1597 1133 1675 solenmitor
1161 1597 1357 1702 professe,
1378 1605 1419 1676 et

239 1720 410 1801 constito
425 1721 473 1800 de
501 1719 677 1824 legitima
705 1747 828 1800 causa
857 1719 1230 1800 Saecularizationis
1246 1769 1296 1780 —
1312 1729 1417 1820 tuno,

236 1847 281 1927 S.
300 1844 568 1949 Congregatio
592 1873 612 1921 a
632 1845 806 1949 benigne
826 1843 967 1925 annuit
987 1845 1215 1925 Orclc'nario
1232 1847 1418 1950 oripinis,

242 2003 264 2048 «
293 1970 361 2075 qui
391 1969 550 2050 Oratori
586 1969 788 2049 licentiam
817 1970 1039 2049 concedere
1076 1969 1204 2050 valeat
1232 1971 1418 2050 manendi

240 2124 264 2171 a
294 2103 406 2174 extra
435 2093 618 2173 Claustra
646 2093 784 2200 quood
811 2096 978 2192 or'crerit,
1009 2093 1146 2173 babitu
1165 2094 1339 2198 regulari
1367 2096 1420 2175 di-

239 2250 263 2294 «
293 2218 434 2308 misso,
464 2243 518 2299 Er
535 2242 691 2309 Arsaos
709 2242 817 2300 uLLo
837 2219 923 2298 eius
939 2218 1090 2298 ordinis
1110 2245 1232 2298 onere
1250 2219 1300 2324 (si
1319 2220 1420 2300 inter

241 2373 264 2420 α
292 2342 552 2422 Possidentes
581 2342 759 2446 existat):
783 2342 836 2421 ita
849 2352 984 2423 tamen
1013 2352 1055 2422 ut
1076 2344 1261 2450 —firoro
1291 2373 1420 2422 renau-

240 2497 262 2542 «
292 2475 410 2546 nente
424 2476 510 2546 uoto
531 2469 737 2546 castitatis
758 2467 903 2547 -alia
921 2474 1108 2546 votorum
1128 2467 1415 2565 substantialia,

241 2620 264 2668 «
293 2599 491 2696 quatenus
519 2591 605 2670 fieri
634 2591 786 2697 poterit,
817 2591 1013 2672 observet:
1044 2591 1203 2671 habitus
1231 2592 1418 2696 religiosii

241 2747 263 2792 «
293 2715 526 2794 memoriale
553 2715 719 2820 signum
739 2715 979 2794 intrinsecus
1001 2716 1169 2796 deferat:
1200 2717 1418 2796 ordinario
1495 2721 1502 2732 ‘

233 2844 261 2916 'u
292 2841 383 2937 loci,
415 2841 483 2919 ubi
512 2842 847 2935 commorabitur,
878 2841 953 2920 ltoc
983 2840 1182 2921 indultum
1210 2843 1416 2938 collibeat,

240 2996 263 3040 a
292 2964 407 3070 eique
434 2964 564 3044 subsit
591 2965 632 3043 in
655 2965 736 3044 vim
764 2992 925 3072 quoque
949 2965 1142 3045 solemnis
1171 2966 1417 3046 obediendae

239 3119 263 3166 n
293 3089 373 3168 voti
404 3119 441 3167 ».

319 3211 471 3294 Dicitur
498 3214 539 3291 in
559 3211 752 3292 omnibus
772 3222 810 3292 et
829 3213 999 3318 singulis
1023 3214 1418 3295 Saeculoriratt'oru's

227 3332 440 3445 perpetuis
468 3337 769 3418 possidentium
798 3385 849 3396 —
878 3339 1006 3440 obque
1035 3339 1113 3417 ullo
1142 3340 1227 3444 ejus
1260 3339 1418 3420 ordinis

235 3489 360 3542 onere
388 3508 439 3520 -
467 3489 647 3568 namque
676 3461 892 3568 antiquitus
913 3470 1109 3570 perpetuo
1144 3465 1418 3544 emcloustruti

227 3588 464 3696 pensionem
492 3613 674 3665 contram
693 3589 745 3665 ab
765 3587 908 3666 ordino
930 3590 1206 3694 requirebant:
1236 3599 1273 3668 et
1293 3589 1417 3694 Supe-

233 3708 364 3786 riores
391 3709 629 3814 plerumque
658 3733 754 3786 cum
781 3705 1017 3788 detrimento
1038 3709 1205 3790 Instituti
1237 3755 1287 3767 —-
1308 3709 1417 3788 bisce

232 3831 631 3939 praesumptionibus
642 3831 869 3912 satisfacere
884 3833 1015 3920 conati
1031 3842 1135 3913 sunt.
1149 3833 1255 3914 Hinc
1265 3835 1305 3914 S.
1317 3836 1417 3914 Con-

233 3955 427 4061 gregatio,
457 3983 580 4036 causa
613 3956 834 4035 redimendi
873 3956 1046 4036 Ordines
1066 3984 1089 4036 a
1109 3957 1304 4038 similibus
1333 3985 1418 4036 mo-

233 4080 371 4178 lesdis,
400 4080 623 4160 clausulam
636 4079 815 4178 relatam,
845 4081 1066 4187 Rescriptis
1095 4082 1289 4187 apposuit.

318 4207 445 4284 Datur
472 4205 725 4311 quandoque,
762 4216 805 4284 ut
846 4206 976 4286 laicus
1022 4207 1331 4286 saecularizatus
1377 4207 1417 4285 in

233 4328 408 4420 saecula,
425 4329 477 4409 ita
504 4329 555 4408 sit
570 4328 735 4409 vinculis
746 4331 1054 4430 circumventus
1070 4339 1113 4410 ut
1142 4341 1256 4436 egeat
1284 4360 1416 4413 neces-

232 4451 344 4534 sario
375 4453 668 4559 dispensatione
705 4481 826 4561 super
863 4460 949 4535 roto
985 4457 1153 4536 solemni
1191 4460 1416 4538 castitatis:
