<?xml version="1.0" encoding="UTF-8"?>
<!DOCTYPE html PUBLIC "-//W3C//DTD XHTML 1.0 Transitional//EN"
    "http://www.w3.org/TR/xhtml1/DTD/xhtml1-transitional.dtd">
<html xmlns="http://www.w3.org/1999/xhtml" xml:lang="en" lang="en">
 <head>
  <title>
</title>
<meta http-equiv="Content-Type" content="text/html;charset=utf-8" />
  <meta name='ocr-system' content='tesseract 3.04.00' />
  <meta name='ocr-capabilities' content='ocr_page ocr_carea ocr_par ocr_line ocrx_word'/>
</head>
<body>
  <div class='ocr_page' id='page_1' title='image "./dejurepracticor00nervgoog_0061.png"; bbox 0 0 3550 5434; ppageno 0'>
   <div class='ocr_carea' id='block_1_1' title="bbox 757 509 899 567">
    <p class='ocr_par' dir='ltr' id='par_1_1' title="bbox 757 509 899 567">
     <span class='ocr_line' id='line_1_1' title="bbox 757 509 899 567; baseline -0.007 -13"><span class='ocrx_word' id='word_1_1' title='bbox 757 509 899 567; x_wconf 73' lang='grc'>..59-</span> 
     </span>
    </p>
   </div>
   <div class='ocr_carea' id='block_1_2' title="bbox 238 690 1419 1174">
    <p class='ocr_par' dir='ltr' id='par_1_2' title="bbox 238 690 1419 1174">
     <span class='ocr_line' id='line_1_2' title="bbox 239 690 1419 796; baseline 0.002 -26"><span class='ocrx_word' id='word_1_2' title='bbox 239 690 367 771; x_wconf 92' lang='lat' dir='ltr'>tribus</span> <span class='ocrx_word' id='word_1_3' title='bbox 395 692 537 770; x_wconf 86' lang='lat' dir='ltr'>saltem</span> <span class='ocrx_word' id='word_1_4' title='bbox 557 691 912 796; x_wconf 82' lang='lat' dir='ltr'>Examinatoribus</span> <span class='ocrx_word' id='word_1_5' title='bbox 931 691 1199 796; x_wconf 89' lang='lat' dir='ltr'>generalibus,</span> <span class='ocrx_word' id='word_1_6' title='bbox 1220 702 1263 771; x_wconf 86' lang='lat' dir='ltr'>ut</span> <span class='ocrx_word' id='word_1_7' title='bbox 1283 693 1419 772; x_wconf 89' lang='lat' dir='ltr'>omnia</span> 
     </span>
     <span class='ocr_line' id='line_1_3' title="bbox 239 815 1416 923; baseline 0.002 -29"><span class='ocrx_word' id='word_1_8' title='bbox 239 817 485 923; x_wconf 87' lang='lat' dir='ltr'>perpendant</span> <span class='ocrx_word' id='word_1_9' title='bbox 520 816 634 923; x_wconf 81' lang='lat' dir='ltr'>juxta</span> <span class='ocrx_word' id='word_1_10' title='bbox 672 818 841 897; x_wconf 90' lang='lat' dir='ltr'>modum</span> <span class='ocrx_word' id='word_1_11' title='bbox 879 817 920 894; x_wconf 91' lang='lat' dir='ltr'>in</span> <span class='ocrx_word' id='word_1_12' title='bbox 958 824 1029 895; x_wconf 90' lang='lat' dir='ltr'>art.</span> <span class='ocrx_word' id='word_1_13' title='bbox 1069 815 1122 895; x_wconf 93' lang='lat' dir='ltr'>Ill</span> <span class='ocrx_word' id='word_1_14' title='bbox 1151 817 1416 921; x_wconf 83' lang='lat' dir='ltr'>designatum.</span> 
     </span>
     <span class='ocr_line' id='line_1_4' title="bbox 238 940 1417 1046; baseline -0.002 -24"><span class='ocrx_word' id='word_1_15' title='bbox 238 943 387 1022; x_wconf 84' lang='lat' dir='ltr'>Postea</span> <span class='ocrx_word' id='word_1_16' title='bbox 415 968 511 1021; x_wconf 81' lang='lat' dir='ltr'>vero</span> <span class='ocrx_word' id='word_1_17' title='bbox 532 941 677 1022; x_wconf 82' lang='lat' dir='ltr'>indicto</span> <span class='ocrx_word' id='word_1_18' title='bbox 707 940 769 1022; x_wconf 85' lang='lat' dir='ltr'>die</span> <span class='ocrx_word' id='word_1_19' title='bbox 797 941 1049 1037; x_wconf 80' lang='lat' dir='ltr'>conveniant,</span> <span class='ocrx_word' id='word_1_20' title='bbox 1070 950 1107 1019; x_wconf 87' lang='lat' dir='ltr'>et</span> <span class='ocrx_word' id='word_1_21' title='bbox 1125 941 1314 1046; x_wconf 86' lang='lat' dir='ltr'>praestito</span> <span class='ocrx_word' id='word_1_22' title='bbox 1335 948 1417 1020; x_wconf 89' lang='lat' dir='ltr'>tam</span> 
     </span>
     <span class='ocr_line' id='line_1_5' title="bbox 239 1065 1418 1174; baseline -0.003 -27"><span class='ocrx_word' id='word_1_23' title='bbox 239 1095 265 1147; x_wconf 93' lang='lat' dir='ltr'>a</span> <span class='ocrx_word' id='word_1_24' title='bbox 292 1066 504 1173; x_wconf 86' lang='lat' dir='ltr'>Superiora</span> <span class='ocrx_word' id='word_1_25' title='bbox 533 1065 707 1172; x_wconf 87' lang='lat' dir='ltr'>generali</span> <span class='ocrx_word' id='word_1_26' title='bbox 736 1092 859 1174; x_wconf 89' lang='lat' dir='ltr'>quam</span> <span class='ocrx_word' id='word_1_27' title='bbox 889 1094 914 1146; x_wconf 93' lang='lat' dir='ltr'>a</span> <span class='ocrx_word' id='word_1_28' title='bbox 940 1066 1210 1144; x_wconf 80' lang='lat' dir='ltr'>Procuratore</span> <span class='ocrx_word' id='word_1_29' title='bbox 1242 1065 1418 1170; x_wconf 85' lang='lat' dir='ltr'>generali</span> 
     </span>
    </p>
   </div>
   <div class='ocr_carea' id='block_1_3' title="bbox 237 1190 1417 1424">
    <p class='ocr_par' dir='ltr' id='par_1_3' title="bbox 237 1190 1417 1424">
     <span class='ocr_line' id='line_1_6' title="bbox 238 1190 1417 1298; baseline -0.001 -27"><span class='ocrx_word' id='word_1_30' title='bbox 238 1201 278 1271; x_wconf 87' lang='lat' dir='ltr'>et</span> <span class='ocrx_word' id='word_1_31' title='bbox 291 1191 431 1270; x_wconf 83' lang='lat' dir='ltr'>ceteris</span> <span class='ocrx_word' id='word_1_32' title='bbox 441 1190 810 1288; x_wconf 74' lang='lat' dir='ltr'>ExaminatoribuS,</span> <span class='ocrx_word' id='word_1_33' title='bbox 829 1198 1024 1296; x_wconf 89' lang='lat' dir='ltr'>utsupra,</span> <span class='ocrx_word' id='word_1_34' title='bbox 1037 1190 1277 1296; x_wconf 89' lang='lat' dir='ltr'>juramento,</span> <span class='ocrx_word' id='word_1_35' title='bbox 1293 1216 1417 1298; x_wconf 90' lang='lat' dir='ltr'>reque</span> 
     </span>
     <span class='ocr_line' id='line_1_7' title="bbox 237 1310 1417 1424; baseline -0.002 -32"><span class='ocrx_word' id='word_1_36' title='bbox 237 1319 395 1392; x_wconf 87' lang='lat' dir='ltr'>mature</span> <span class='ocrx_word' id='word_1_37' title='bbox 423 1338 633 1418; x_wconf 89' lang='lat' dir='ltr'>perpensa,</span> <span class='ocrx_word' id='word_1_38' title='bbox 662 1338 742 1424; x_wconf 85' lang='lat' dir='ltr'>per¹</span> <span class='ocrx_word' id='word_1_39' title='bbox 761 1320 916 1392; x_wconf 80' lang='lat' dir='ltr'>secreta</span> <span class='ocrx_word' id='word_1_40' title='bbox 934 1310 1128 1416; x_wconf 87' lang='lat' dir='ltr'>suffragia</span> <span class='ocrx_word' id='word_1_41' title='bbox 1147 1311 1337 1392; x_wconf 88' lang='lat' dir='ltr'>definiant</span> <span class='ocrx_word' id='word_1_42' title='bbox 1364 1338 1417 1391; x_wconf 89' lang='lat' dir='ltr'>an</span> 
     </span>
    </p>
   </div>
   <div class='ocr_carea' id='block_1_4' title="bbox 228 1434 1419 4494">
    <p class='ocr_par' dir='ltr' id='par_1_4' title="bbox 236 1434 1418 2165">
     <span class='ocr_line' id='line_1_8' title="bbox 238 1434 1415 1543; baseline -0.002 -27"><span class='ocrx_word' id='word_1_43' title='bbox 238 1435 472 1543; x_wconf 79' lang='lat' dir='ltr'>approbatio</span> <span class='ocrx_word' id='word_1_44' title='bbox 492 1435 594 1514; x_wconf 85' lang='lat' dir='ltr'>laetu</span> <span class='ocrx_word' id='word_1_45' title='bbox 613 1434 653 1514; x_wconf 90' lang='lat' dir='ltr'>in</span> <span class='ocrx_word' id='word_1_46' title='bbox 673 1434 803 1541; x_wconf 91' lang='lat' dir='ltr'>primo</span> <span class='ocrx_word' id='word_1_47' title='bbox 824 1434 1017 1514; x_wconf 83' lang='lat' dir='ltr'>scrutinio</span> <span class='ocrx_word' id='word_1_48' title='bbox 1050 1434 1328 1514; x_wconf 79' lang='lat' dir='ltr'>confirmanda</span> <span class='ocrx_word' id='word_1_49' title='bbox 1352 1436 1415 1532; x_wconf 89' lang='lat' dir='ltr'>sit,</span> 
     </span>
     <span class='ocr_line' id='line_1_9' title="bbox 237 1559 1417 1666; baseline 0.004 -30"><span class='ocrx_word' id='word_1_50' title='bbox 237 1562 302 1640; x_wconf 92' lang='lat' dir='ltr'>vel</span> <span class='ocrx_word' id='word_1_51' title='bbox 337 1560 575 1655; x_wconf 82' lang='lat' dir='ltr'>revocanda,</span> <span class='ocrx_word' id='word_1_52' title='bbox 613 1585 734 1665; x_wconf 87' lang='lat' dir='ltr'>super</span> <span class='ocrx_word' id='word_1_53' title='bbox 776 1559 923 1666; x_wconf 86' lang='lat' dir='ltr'>quibus</span> <span class='ocrx_word' id='word_1_54' title='bbox 952 1559 1142 1638; x_wconf 88' lang='lat' dir='ltr'>omnibus</span> <span class='ocrx_word' id='word_1_55' title='bbox 1175 1560 1417 1641; x_wconf 80' lang='lat' dir='ltr'>conscientia</span> 
     </span>
     <span class='ocr_line' id='line_1_10' title="bbox 236 1683 1417 1791; baseline -0.003 -24"><span class='ocrx_word' id='word_1_56' title='bbox 236 1685 462 1791; x_wconf 78' lang='lat' dir='ltr'>Superioris</span> <span class='ocrx_word' id='word_1_57' title='bbox 492 1683 700 1788; x_wconf 77' lang='lat' dir='ltr'>generalia,</span> <span class='ocrx_word' id='word_1_58' title='bbox 721 1693 758 1763; x_wconf 86' lang='lat' dir='ltr'>et</span> <span class='ocrx_word' id='word_1_59' title='bbox 776 1684 1113 1766; x_wconf 83' lang='lat' dir='ltr'>Examinatorum</span> <span class='ocrx_word' id='word_1_60' title='bbox 1132 1684 1306 1788; x_wconf 89' lang='lat' dir='ltr'>graviter</span> <span class='ocrx_word' id='word_1_61' title='bbox 1325 1710 1417 1765; x_wconf 93' lang='lat' dir='ltr'>one-</span> 
     </span>
     <span class='ocr_line' id='line_1_11' title="bbox 236 1808 1417 1918; baseline 0.001 -30"><span class='ocrx_word' id='word_1_62' title='bbox 236 1819 323 1918; x_wconf 86' lang='lat' dir='ltr'>rata</span> <span class='ocrx_word' id='word_1_63' title='bbox 351 1815 567 1888; x_wconf 91' lang='lat' dir='ltr'>remaneat.</span> <span class='ocrx_word' id='word_1_64' title='bbox 598 1809 714 1887; x_wconf 86' lang='lat' dir='ltr'>Tune</span> <span class='ocrx_word' id='word_1_65' title='bbox 743 1816 877 1887; x_wconf 86' lang='lat' dir='ltr'>autem</span> <span class='ocrx_word' id='word_1_66' title='bbox 907 1808 1141 1914; x_wconf 77' lang='lat' dir='ltr'>approbatio</span> <span class='ocrx_word' id='word_1_67' title='bbox 1180 1808 1417 1889; x_wconf 80' lang='lat' dir='ltr'>confirmata</span> 
     </span>
     <span class='ocr_line' id='line_1_12' title="bbox 236 1933 1418 2040; baseline 0 -28"><span class='ocrx_word' id='word_1_68' title='bbox 236 1933 487 2038; x_wconf 75' lang='lat' dir='ltr'>intelligatur,</span> <span class='ocrx_word' id='word_1_69' title='bbox 517 1934 678 2040; x_wconf 90' lang='lat' dir='ltr'>quando</span> <span class='ocrx_word' id='word_1_70' title='bbox 707 1933 793 2040; x_wconf 89' lang='lat' dir='ltr'>ejus</span> <span class='ocrx_word' id='word_1_71' title='bbox 831 1934 968 2014; x_wconf 87' lang='lat' dir='ltr'>favore</span> <span class='ocrx_word' id='word_1_72' title='bbox 1001 1933 1144 2013; x_wconf 86' lang='lat' dir='ltr'>saltem</span> <span class='ocrx_word' id='word_1_73' title='bbox 1171 1959 1300 2013; x_wconf 91' lang='lat' dir='ltr'>unum</span> <span class='ocrx_word' id='word_1_74' title='bbox 1335 1934 1418 2014; x_wconf 84' lang='lat' dir='ltr'>suf-</span> 
     </span>
     <span class='ocr_line' id='line_1_13' title="bbox 237 2057 1078 2165; baseline 0 -27"><span class='ocrx_word' id='word_1_75' title='bbox 237 2059 410 2164; x_wconf 85' lang='lat' dir='ltr'>fragium</span> <span class='ocrx_word' id='word_1_76' title='bbox 438 2086 562 2165; x_wconf 89' lang='lat' dir='ltr'>supra</span> <span class='ocrx_word' id='word_1_77' title='bbox 590 2058 842 2138; x_wconf 90' lang='lat' dir='ltr'>medietatem</span> <span class='ocrx_word' id='word_1_78' title='bbox 871 2057 1078 2138; x_wconf 83' lang='lat' dir='ltr'>habeatur.</span> 
     </span>
    </p>

    <p class='ocr_par' dir='ltr' id='par_1_5' title="bbox 232 2180 1419 3658">
     <span class='ocr_line' id='line_1_14' title="bbox 318 2180 1418 2290; baseline -0.002 -26"><span class='ocrx_word' id='word_1_79' title='bbox 318 2188 406 2264; x_wconf 89' lang='lat' dir='ltr'>Art.</span> <span class='ocrx_word' id='word_1_80' title='bbox 434 2185 505 2263; x_wconf 89' lang='lat' dir='ltr'>XI.</span> <span class='ocrx_word' id='word_1_81' title='bbox 535 2183 578 2264; x_wconf 89' lang='lat' dir='ltr'>Si</span> <span class='ocrx_word' id='word_1_82' title='bbox 605 2183 788 2290; x_wconf 82' lang='lat' dir='ltr'>superior</span> <span class='ocrx_word' id='word_1_83' title='bbox 816 2180 1017 2288; x_wconf 90' lang='lat' dir='ltr'>generalis</span> <span class='ocrx_word' id='word_1_84' title='bbox 1052 2185 1211 2264; x_wconf 87' lang='lat' dir='ltr'>Romae</span> <span class='ocrx_word' id='word_1_85' title='bbox 1245 2210 1327 2263; x_wconf 92' lang='lat' dir='ltr'>non</span> <span class='ocrx_word' id='word_1_86' title='bbox 1355 2211 1418 2263; x_wconf 91' lang='lat' dir='ltr'>re·</span> 
     </span>
     <span class='ocr_line' id='line_1_15' title="bbox 235 2306 1416 2414; baseline -0.001 -27"><span class='ocrx_word' id='word_1_87' title='bbox 235 2307 374 2407; x_wconf 89' lang='lat' dir='ltr'>sideat,</span> <span class='ocrx_word' id='word_1_88' title='bbox 396 2315 494 2405; x_wconf 82' lang='lat' dir='ltr'>acta,</span> <span class='ocrx_word' id='word_1_89' title='bbox 515 2307 564 2388; x_wconf 94' lang='lat' dir='ltr'>de</span> <span class='ocrx_word' id='word_1_90' title='bbox 582 2307 727 2414; x_wconf 89' lang='lat' dir='ltr'>quibus</span> <span class='ocrx_word' id='word_1_91' title='bbox 747 2307 789 2386; x_wconf 90' lang='lat' dir='ltr'>in</span> <span class='ocrx_word' id='word_1_92' title='bbox 822 2306 932 2388; x_wconf 86' lang='lat' dir='ltr'>artie.</span> <span class='ocrx_word' id='word_1_93' title='bbox 954 2309 1017 2405; x_wconf 90' lang='lat' dir='ltr'>Ill,</span> <span class='ocrx_word' id='word_1_94' title='bbox 1038 2308 1088 2387; x_wconf 90' lang='lat' dir='ltr'>ad</span> <span class='ocrx_word' id='word_1_95' title='bbox 1102 2308 1416 2388; x_wconf 89' lang='lat' dir='ltr'>Proouratorem</span> 
     </span>
     <span class='ocr_line' id='line_1_16' title="bbox 235 2431 1416 2537; baseline -0.001 -26"><span class='ocrx_word' id='word_1_96' title='bbox 235 2431 466 2537; x_wconf 86' lang='lat' dir='ltr'>generalem</span> <span class='ocrx_word' id='word_1_97' title='bbox 508 2433 666 2512; x_wconf 88' lang='lat' dir='ltr'>Romae</span> <span class='ocrx_word' id='word_1_98' title='bbox 694 2441 921 2512; x_wconf 87' lang='lat' dir='ltr'>morantem</span> <span class='ocrx_word' id='word_1_99' title='bbox 954 2431 1259 2512; x_wconf 85' lang='lat' dir='ltr'>transmittenda</span> <span class='ocrx_word' id='word_1_100' title='bbox 1300 2442 1416 2512; x_wconf 91' lang='lat' dir='ltr'>erunt</span> 
     </span>
     <span class='ocr_line' id='line_1_17' title="bbox 237 2555 1416 2662; baseline 0.003 -30"><span class='ocrx_word' id='word_1_101' title='bbox 237 2555 371 2660; x_wconf 85' lang='lat' dir='ltr'>(valde</span> <span class='ocrx_word' id='word_1_102' title='bbox 389 2557 496 2636; x_wconf 91' lang='lat' dir='ltr'>enim</span> <span class='ocrx_word' id='word_1_103' title='bbox 512 2557 697 2662; x_wconf 86' lang='lat' dir='ltr'>expedire</span> <span class='ocrx_word' id='word_1_104' title='bbox 712 2557 845 2636; x_wconf 88' lang='lat' dir='ltr'>visum</span> <span class='ocrx_word' id='word_1_105' title='bbox 861 2566 922 2634; x_wconf 88' lang='lat' dir='ltr'>est</span> <span class='ocrx_word' id='word_1_106' title='bbox 940 2556 1164 2635; x_wconf 86' lang='lat' dir='ltr'>secundum</span> <span class='ocrx_word' id='word_1_107' title='bbox 1179 2556 1416 2636; x_wconf 85' lang='lat' dir='ltr'>scrutinium</span> 
     </span>
     <span class='ocr_line' id='line_1_18' title="bbox 234 2679 1417 2786; baseline -0.003 -24"><span class='ocrx_word' id='word_1_108' title='bbox 234 2683 396 2762; x_wconf 89' lang='lat' dir='ltr'>Romae</span> <span class='ocrx_word' id='word_1_109' title='bbox 414 2681 530 2786; x_wconf 86' lang='lat' dir='ltr'>lieri),</span> <span class='ocrx_word' id='word_1_110' title='bbox 551 2681 771 2761; x_wconf 90' lang='lat' dir='ltr'>dummodo</span> <span class='ocrx_word' id='word_1_111' title='bbox 792 2689 927 2760; x_wconf 86' lang='lat' dir='ltr'>lamen</span> <span class='ocrx_word' id='word_1_112' title='bbox 947 2679 1053 2758; x_wconf 91' lang='lat' dir='ltr'>idem</span> <span class='ocrx_word' id='word_1_113' title='bbox 1072 2680 1318 2758; x_wconf 78' lang='lat' dir='ltr'>Procurator</span> <span class='ocrx_word' id='word_1_114' title='bbox 1336 2687 1417 2760; x_wconf 87' lang='lat' dir='ltr'>tres</span> 
     </span>
     <span class='ocr_line' id='line_1_19' title="bbox 234 2802 1416 2909; baseline -0.003 -23"><span class='ocrx_word' id='word_1_115' title='bbox 234 2803 378 2886; x_wconf 86' lang='lat' dir='ltr'>saltem</span> <span class='ocrx_word' id='word_1_116' title='bbox 406 2804 714 2885; x_wconf 83' lang='lat' dir='ltr'>Examinatores</span> <span class='ocrx_word' id='word_1_117' title='bbox 741 2804 952 2909; x_wconf 84' lang='lat' dir='ltr'>generales</span> <span class='ocrx_word' id='word_1_118' title='bbox 982 2805 1141 2884; x_wconf 88' lang='lat' dir='ltr'>Romae</span> <span class='ocrx_word' id='word_1_119' title='bbox 1169 2802 1326 2902; x_wconf 87' lang='lat' dir='ltr'>habeat,</span> <span class='ocrx_word' id='word_1_120' title='bbox 1355 2804 1416 2882; x_wconf 88' lang='lat' dir='ltr'>vel</span> 
     </span>
     <span class='ocr_line' id='line_1_20' title="bbox 235 2927 1418 3032; baseline -0.001 -24"><span class='ocrx_word' id='word_1_121' title='bbox 235 2954 310 3008; x_wconf 86' lang='lat' dir='ltr'>eos</span> <span class='ocrx_word' id='word_1_122' title='bbox 329 2930 378 3011; x_wconf 88' lang='lat' dir='ltr'>ad</span> <span class='ocrx_word' id='word_1_123' title='bbox 396 2927 552 3010; x_wconf 90' lang='lat' dir='ltr'>Urbem</span> <span class='ocrx_word' id='word_1_124' title='bbox 581 2927 795 3007; x_wconf 85' lang='lat' dir='ltr'>commode</span> <span class='ocrx_word' id='word_1_125' title='bbox 814 2952 962 3006; x_wconf 89' lang='lat' dir='ltr'>vooare</span> <span class='ocrx_word' id='word_1_126' title='bbox 980 2927 1121 3032; x_wconf 87' lang='lat' dir='ltr'>possit.</span> <span class='ocrx_word' id='word_1_127' title='bbox 1150 2930 1240 3024; x_wconf 86' lang='lat' dir='ltr'>Quo</span> <span class='ocrx_word' id='word_1_128' title='bbox 1259 2927 1299 3005; x_wconf 94' lang='lat' dir='ltr'>in</span> <span class='ocrx_word' id='word_1_129' title='bbox 1320 2954 1418 3008; x_wconf 84' lang='lat' dir='ltr'>casu</span> 
     </span>
     <span class='ocr_line' id='line_1_21' title="bbox 234 3051 1418 3161; baseline -0.003 -27"><span class='ocrx_word' id='word_1_130' title='bbox 234 3055 368 3161; x_wconf 91' lang='lat' dir='ltr'>quoad</span> <span class='ocrx_word' id='word_1_131' title='bbox 398 3053 622 3160; x_wconf 85' lang='lat' dir='ltr'>praemissa</span> <span class='ocrx_word' id='word_1_132' title='bbox 648 3053 785 3132; x_wconf 92' lang='lat' dir='ltr'>omnia</span> <span class='ocrx_word' id='word_1_133' title='bbox 821 3053 931 3132; x_wconf 81' lang='lat' dir='ltr'>vines</span> <span class='ocrx_word' id='word_1_134' title='bbox 960 3053 1187 3159; x_wconf 84' lang='lat' dir='ltr'>Superioris</span> <span class='ocrx_word' id='word_1_135' title='bbox 1221 3051 1418 3157; x_wconf 84' lang='lat' dir='ltr'>generalis</span> 
     </span>
     <span class='ocr_line' id='line_1_22' title="bbox 234 3176 1419 3284; baseline -0.002 -26"><span class='ocrx_word' id='word_1_136' title='bbox 234 3186 359 3284; x_wconf 89' lang='lat' dir='ltr'>gerat.</span> <span class='ocrx_word' id='word_1_137' title='bbox 388 3179 505 3275; x_wconf 86' lang='lat' dir='ltr'>Quod</span> <span class='ocrx_word' id='word_1_138' title='bbox 524 3177 558 3257; x_wconf 87' lang='lat' dir='ltr'>si</span> <span class='ocrx_word' id='word_1_139' title='bbox 577 3177 889 3258; x_wconf 86' lang='lat' dir='ltr'>Examinntores</span> <span class='ocrx_word' id='word_1_140' title='bbox 918 3176 1130 3282; x_wconf 84' lang='lat' dir='ltr'>generales</span> <span class='ocrx_word' id='word_1_141' title='bbox 1158 3204 1232 3258; x_wconf 88' lang='lat' dir='ltr'>nee</span> <span class='ocrx_word' id='word_1_142' title='bbox 1260 3179 1419 3258; x_wconf 83' lang='lat' dir='ltr'>Romae</span> 
     </span>
     <span class='ocr_line' id='line_1_23' title="bbox 233 3301 1418 3408; baseline -0.001 -26"><span class='ocrx_word' id='word_1_143' title='bbox 233 3307 394 3406; x_wconf 88' lang='lat' dir='ltr'>degant,</span> <span class='ocrx_word' id='word_1_144' title='bbox 424 3328 498 3381; x_wconf 88' lang='lat' dir='ltr'>neo</span> <span class='ocrx_word' id='word_1_145' title='bbox 518 3303 730 3383; x_wconf 82' lang='lat' dir='ltr'>commode</span> <span class='ocrx_word' id='word_1_146' title='bbox 750 3302 889 3381; x_wconf 83' lang='lat' dir='ltr'>vocari</span> <span class='ocrx_word' id='word_1_147' title='bbox 909 3301 1077 3408; x_wconf 86' lang='lat' dir='ltr'>possint,</span> <span class='ocrx_word' id='word_1_148' title='bbox 1099 3304 1241 3382; x_wconf 89' lang='lat' dir='ltr'>eadem</span> <span class='ocrx_word' id='word_1_149' title='bbox 1260 3311 1348 3382; x_wconf 85' lang='lat' dir='ltr'>aeta</span> <span class='ocrx_word' id='word_1_150' title='bbox 1368 3302 1418 3382; x_wconf 90' lang='lat' dir='ltr'>ad</span> 
     </span>
     <span class='ocr_line' id='line_1_24' title="bbox 232 3425 1419 3533; baseline -0.003 -25"><span class='ocrx_word' id='word_1_151' title='bbox 232 3427 491 3533; x_wconf 92' lang='lat' dir='ltr'>Superiorem</span> <span class='ocrx_word' id='word_1_152' title='bbox 520 3427 760 3532; x_wconf 90' lang='lat' dir='ltr'>generalem,</span> <span class='ocrx_word' id='word_1_153' title='bbox 791 3427 863 3506; x_wconf 87' lang='lat' dir='ltr'>etsi</span> <span class='ocrx_word' id='word_1_154' title='bbox 885 3427 977 3507; x_wconf 88' lang='lat' dir='ltr'>alibi</span> <span class='ocrx_word' id='word_1_155' title='bbox 1000 3436 1193 3525; x_wconf 89' lang='lat' dir='ltr'>moretur,</span> <span class='ocrx_word' id='word_1_156' title='bbox 1223 3425 1419 3507; x_wconf 87' lang='lat' dir='ltr'>transmit·</span> 
     </span>
     <span class='ocr_line' id='line_1_25' title="bbox 232 3552 1417 3658; baseline -0.003 -25"><span class='ocrx_word' id='word_1_157' title='bbox 232 3559 380 3649; x_wconf 85' lang='lat' dir='ltr'>tantur,</span> <span class='ocrx_word' id='word_1_158' title='bbox 408 3559 451 3631; x_wconf 84' lang='lat' dir='ltr'>ut</span> <span class='ocrx_word' id='word_1_159' title='bbox 493 3577 540 3630; x_wconf 89' lang='lat' dir='ltr'>ea</span> <span class='ocrx_word' id='word_1_160' title='bbox 567 3558 731 3657; x_wconf 90' lang='lat' dir='ltr'>peragat</span> <span class='ocrx_word' id='word_1_161' title='bbox 759 3577 862 3658; x_wconf 90' lang='lat' dir='ltr'>quae</span> <span class='ocrx_word' id='word_1_162' title='bbox 893 3553 932 3629; x_wconf 92' lang='lat' dir='ltr'>in</span> <span class='ocrx_word' id='word_1_163' title='bbox 953 3558 1024 3631; x_wconf 88' lang='lat' dir='ltr'>art.</span> <span class='ocrx_word' id='word_1_164' title='bbox 1054 3552 1105 3631; x_wconf 94' lang='grc' dir='ltr'>ΙΙΙ</span> <span class='ocrx_word' id='word_1_165' title='bbox 1134 3560 1283 3630; x_wconf 87' lang='lat' dir='ltr'>statuta</span> <span class='ocrx_word' id='word_1_166' title='bbox 1311 3559 1417 3630; x_wconf 87' lang='lat' dir='ltr'>sunt.</span> 
     </span>
    </p>

    <p class='ocr_par' dir='ltr' id='par_1_6' title="bbox 228 3672 1419 4393">
     <span class='ocr_line' id='line_1_26' title="bbox 315 3672 1419 3781; baseline -0.003 -26"><span class='ocrx_word' id='word_1_167' title='bbox 315 3680 404 3755; x_wconf 83' lang='lat' dir='ltr'>Art.</span> <span class='ocrx_word' id='word_1_168' title='bbox 433 3676 520 3756; x_wconf 90' lang='lat' dir='ltr'>XII.</span> <span class='ocrx_word' id='word_1_169' title='bbox 550 3674 740 3781; x_wconf 90' lang='lat' dir='ltr'>Superior</span> <span class='ocrx_word' id='word_1_170' title='bbox 759 3672 969 3778; x_wconf 63' lang='lat' dir='ltr'>generalis</span> <span class='ocrx_word' id='word_1_171' title='bbox 991 3673 1076 3753; x_wconf 88' lang='lat' dir='ltr'>sive</span> <span class='ocrx_word' id='word_1_172' title='bbox 1096 3673 1195 3780; x_wconf 90' lang='lat' dir='ltr'>ipse,</span> <span class='ocrx_word' id='word_1_173' title='bbox 1216 3675 1303 3753; x_wconf 81' lang='lat' dir='ltr'>sivo</span> <span class='ocrx_word' id='word_1_174' title='bbox 1323 3675 1419 3753; x_wconf 93' lang='lat' dir='ltr'>Pro·</span> 
     </span>
     <span class='ocr_line' id='line_1_27' title="bbox 232 3793 1417 3901; baseline -0.004 -25"><span class='ocrx_word' id='word_1_175' title='bbox 232 3802 395 3876; x_wconf 84' lang='lat' dir='ltr'>curator</span> <span class='ocrx_word' id='word_1_176' title='bbox 415 3795 614 3899; x_wconf 89' lang='lat' dir='ltr'>generalis</span> <span class='ocrx_word' id='word_1_177' title='bbox 633 3794 811 3874; x_wconf 85' lang='lat' dir='ltr'>seeundo</span> <span class='ocrx_word' id='word_1_178' title='bbox 823 3793 1015 3873; x_wconf 83' lang='lat' dir='ltr'>scrutinio</span> <span class='ocrx_word' id='word_1_179' title='bbox 1031 3795 1256 3900; x_wconf 86' lang='lat' dir='ltr'>praefuerit,</span> <span class='ocrx_word' id='word_1_180' title='bbox 1274 3794 1417 3901; x_wconf 90' lang='lat' dir='ltr'>poterit</span> 
     </span>
     <span class='ocr_line' id='line_1_28' title="bbox 230 3912 1417 4022; baseline -0.003 -24"><span class='ocrx_word' id='word_1_181' title='bbox 230 3915 497 3998; x_wconf 83' lang='lat' dir='ltr'>Candidatum</span> <span class='ocrx_word' id='word_1_182' title='bbox 527 3941 577 3994; x_wconf 85' lang='lat' dir='ltr'>ex</span> <span class='ocrx_word' id='word_1_183' title='bbox 600 3914 731 4022; x_wconf 87' lang='lat' dir='ltr'>justis,</span> <span class='ocrx_word' id='word_1_184' title='bbox 753 3923 791 3994; x_wconf 88' lang='lat' dir='ltr'>et</span> <span class='ocrx_word' id='word_1_185' title='bbox 809 3912 1070 3993; x_wconf 88' lang='lat' dir='ltr'>rationalibus</span> <span class='ocrx_word' id='word_1_186' title='bbox 1089 3914 1224 3993; x_wconf 82' lang='lat' dir='ltr'>causis</span> <span class='ocrx_word' id='word_1_187' title='bbox 1244 3915 1417 4022; x_wconf 85' lang='lat' dir='ltr'>rejicere,</span> 
     </span>
     <span class='ocr_line' id='line_1_29' title="bbox 229 4038 1419 4146; baseline 0 -26"><span class='ocrx_word' id='word_1_188' title='bbox 229 4041 324 4120; x_wconf 86' lang='lat' dir='ltr'>lieet</span> <span class='ocrx_word' id='word_1_189' title='bbox 350 4039 466 4119; x_wconf 88' lang='lat' dir='ltr'>luerit</span> <span class='ocrx_word' id='word_1_190' title='bbox 495 4038 545 4120; x_wconf 92' lang='lat' dir='ltr'>ab</span> <span class='ocrx_word' id='word_1_191' title='bbox 573 4039 930 4118; x_wconf 84' lang='lat' dir='ltr'>Examinatoribus</span> <span class='ocrx_word' id='word_1_192' title='bbox 959 4039 999 4117; x_wconf 93' lang='lat' dir='ltr'>in</span> <span class='ocrx_word' id='word_1_193' title='bbox 1026 4048 1195 4146; x_wconf 85' lang='lat' dir='ltr'>utroque</span> <span class='ocrx_word' id='word_1_194' title='bbox 1228 4040 1419 4120; x_wconf 80' lang='lat' dir='ltr'>scrutinio</span> 
     </span>
     <span class='ocr_line' id='line_1_30' title="bbox 229 4163 1417 4274; baseline 0.001 -31"><span class='ocrx_word' id='word_1_195' title='bbox 229 4163 444 4274; x_wconf 89' lang='lat' dir='ltr'>probatus;</span> <span class='ocrx_word' id='word_1_196' title='bbox 474 4189 696 4270; x_wconf 89' lang='lat' dir='ltr'>numquam</span> <span class='ocrx_word' id='word_1_197' title='bbox 716 4189 812 4241; x_wconf 86' lang='lat' dir='ltr'>vero</span> <span class='ocrx_word' id='word_1_198' title='bbox 832 4163 1039 4243; x_wconf 90' lang='lat' dir='ltr'>admittere</span> <span class='ocrx_word' id='word_1_199' title='bbox 1067 4190 1176 4262; x_wconf 91' lang='lat' dir='ltr'>eum,</span> <span class='ocrx_word' id='word_1_200' title='bbox 1207 4165 1274 4271; x_wconf 90' lang='lat' dir='ltr'>qui</span> <span class='ocrx_word' id='word_1_201' title='bbox 1303 4164 1417 4244; x_wconf 85' lang='lat' dir='ltr'>fuerit</span> 
     </span>
     <span class='ocr_line' id='line_1_31' title="bbox 228 4285 949 4393; baseline -0.006 -22"><span class='ocrx_word' id='word_1_202' title='bbox 228 4289 287 4371; x_wconf 93' lang='lat' dir='ltr'>ab</span> <span class='ocrx_word' id='word_1_203' title='bbox 314 4287 670 4368; x_wconf 85' lang='lat' dir='ltr'>Examinatoribus</span> <span class='ocrx_word' id='word_1_204' title='bbox 698 4285 949 4393; x_wconf 80' lang='lat' dir='ltr'>reprobatus</span> 
     </span>
    </p>

    <p class='ocr_par' dir='ltr' id='par_1_7' title="bbox 315 4412 1414 4494">
     <span class='ocr_line' id='line_1_32' title="bbox 315 4412 1414 4494; baseline 0 -2"><span class='ocrx_word' id='word_1_205' title='bbox 315 4417 403 4492; x_wconf 89' lang='lat' dir='ltr'>Art.</span> <span class='ocrx_word' id='word_1_206' title='bbox 414 4413 520 4492; x_wconf 90' lang='lat' dir='ltr'>Xlll.</span> <span class='ocrx_word' id='word_1_207' title='bbox 540 4412 593 4494; x_wconf 86' lang='lat' dir='ltr'>Ut</span> <span class='ocrx_word' id='word_1_208' title='bbox 602 4438 697 4492; x_wconf 88' lang='lat' dir='ltr'>vero</span> <span class='ocrx_word' id='word_1_209' title='bbox 707 4412 952 4492; x_wconf 88' lang='lat' dir='ltr'>Candidatus</span> <span class='ocrx_word' id='word_1_210' title='bbox 966 4413 1164 4493; x_wconf 86' lang='lat' dir='ltr'>definitive</span> <span class='ocrx_word' id='word_1_211' title='bbox 1176 4415 1224 4494; x_wconf 89' lang='lat' dir='ltr'>ad</span> <span class='ocrx_word' id='word_1_212' title='bbox 1235 4413 1414 4493; x_wconf 88' lang='lat' dir='ltr'>habitum</span> 
     </span>
    </p>
   </div>
   <div class='ocr_carea' id='block_1_5' title="bbox 0 0 1780 5434">
    <p class='ocr_par' dir='ltr' id='par_1_8' title="bbox 0 0 1780 5434">
     <span class='ocr_line' id='line_1_33' title="bbox 0 0 1780 5434; baseline 0 3"><span class='ocrx_word' id='word_1_213' title='bbox 0 0 1780 5434; x_wconf 95' lang='lat' dir='ltr'> </span> 
     </span>
    </p>
   </div>
  </div>
 </body>
</html>
