3550 5434
704 531 864 584 -171-

199 738 220 783 ι(
250 707 417 812 ideoque
446 707 651 784 licentiam
679 709 872 813 exposcit,
904 715 946 786 ut
969 705 1163 786 Ordinem
1179 733 1371 789 exercerc

199 862 220 908 «
251 834 409 912 caleant
422 831 481 910 od
490 858 606 910 soem
626 832 914 939 beneplacitum
928 859 965 911 a.
985 833 1035 912 Et
1052 833 1091 914 S.
1105 832 1371 938 Congregatio

195 956 403 1064 respondit
425 985 446 1032 e
466 954 694 1061 Religiosos
713 955 955 1063 hujusmodi,
976 957 1029 1037 ita
1048 955 1369 1057 saecularizatOS,

196 1113 218 1159 «
250 1080 445 1188 pertinere
465 1081 515 1160 ad
536 1079 707 1160 Ordines
723 1087 904 1161 notorum
921 1082 1171 1172 colomellam
1192 1081 1370 1188 proinde,

197 1237 217 1284 «
249 1206 326 1288 nisi
353 1205 432 1284 sint
460 1205 590 1311 aliqua
622 1206 784 1313 speciali
812 1231 981 1285 censura
1003 1205 1148 1304 irretiti,
1178 1205 1288 1285 nulla
1315 1206 1373 1285 in-

198 1361 218 1408 «
252 1330 387 1434 digent
406 1356 511 1409 nova
531 1329 725 1428 facultate,
746 1337 788 1409 ut
807 1327 934 1409 sacris
961 1329 1188 1409 ministeriis
1209 1375 1258 1388 —
1278 1329 1375 1436 Epi·

199 1492 220 1531 (ι
253 1481 371 1562 scopo
387 1462 629 1535 occctoronte
647 1501 698 1512 -
718 1455 757 1533 in
774 1453 994 1560 respectiva
1013 1453 1197 1534 Dioecesi
1216 1454 1373 1560 possint

197 1607 461 1660 «vacare».

278 1705 333 1787 Ut
360 1712 492 1784 autem
524 1704 801 1810 unusquisque
842 1702 1066 1810 Episcopus
1109 1702 1236 1783 valeat
1269 1703 1373 1783 hanc

194 1830 504 1936 responsionem
524 1828 635 1908 facile
655 1828 881 1931 intelligere,
914 1835 1078 1934 oportet,
1113 1836 1155 1908 ut
1187 1855 1263 1908 uos
1287 1828 1374 1908 hoie

194 1956 418 2035 referamus
459 1953 656 2033 rationem
702 1953 906 2033 decidendi
947 1952 987 2031 iu
1029 1953 1252 2032 reniintiato
1296 1956 1373 2034 Re-

196 2079 361 2186 scripta.
952 2070 954 2075 ’

278 2204 482 2310 Siquidem
501 2205 541 2284 S.
562 2197 827 2308 Congregatio
855 2229 929 2309 pro
949 2201 1024 2282 illis
1054 2201 1282 2306 Religiosis,
1303 2202 1370 2310 qui

194 2328 327 2434 gratia
341 2328 561 2408 vocationis
576 2327 760 2424 destituti,
776 2326 838 2406 vel
854 2327 903 2407 de
919 2325 993 2406 elia
1008 2326 1228 2406 rationabili
1252 2355 1374 2407 causa

194 2452 352 2549 muniti,
383 2462 495 2533 extra
523 2454 703 2534 Claustra
745 2445 889 2556 degere
930 2450 1153 2549 voluerunt,
1182 2459 1219 2530 et
1247 2460 1374 2532 tractu

196 2581 392 2684 temporis
420 2578 634 2658 vellent-
653 2585 833 2657 notatum
853 2574 1052 2656 concessit
1079 2575 1292 2674 laetititiae,
1316 2561 1375 2681 (ut

193 2702 434 2784 Patrimonii
462 2703 783 2782 constitutionem
801 2709 945 2808 petere,
976 2727 1023 2779 aa
1041 2700 1286 2806 Episcopum
1312 2700 1375 2779 be·
1438 2719 1441 2724 ·

194 2826 386 2907 nevolum
402 2835 647 2934 receptorem
662 2826 839 2906 invenire
854 2826 1034 2932 possent)
1052 2831 1089 2903 et
1105 2827 1269 2904 interim
1288 2823 1375 2904 sine

196 2952 492 3058 perturbatione
507 2951 668 3049 ordinis,
681 2961 793 3030 extre
807 2951 989 3032 Claustra
1003 2947 1104 3028 licite
1120 2948 1373 3046 commorari3

196 3101 317 3155 sacra
346 3075 476 3155 facere
504 3073 755 3181 ubicumque
776 3073 942 3152 verbum
962 3071 1112 3152 domini
1133 3071 1373 3178 praedicare;

196 3207 240 3278 et
266 3198 331 3305 pia
358 3198 662 3278 conversatione
690 3195 847 3303 populis
875 3195 1057 3276 fidelibus
1086 3194 1255 3301 denique
1288 3222 1375 3302 pro-

196 3325 331 3404 desse.

281 3448 434 3545 Quibus
461 3455 594 3527 autem
622 3445 947 3553 dispositionibus
971 3444 1189 3552 jurisdictio
1214 3444 1376 3551 Episco-

197 3571 303 3678 palis
330 3571 425 3652 nulli
453 3571 590 3652 subest
622 3570 877 3651 detrimento:
921 3594 1095 3674 namque
1125 3567 1373 3665 Ordinerius

199 3695 360 3796 invitae,
390 3723 471 3776 non
499 3695 653 3801 cogitur
681 3694 769 3774 illos
788 3693 828 3772 in
847 3720 967 3773 suum
996 3692 1146 3772 olerum
1175 3701 1374 3799 cooptare;

198 3848 331 3928 neque
359 3819 567 3901 Beneficiis
601 3817 878 3900 ecclesiasticis
911 3843 1148 3924 proponere;
1182 3817 1253 3896 sed
1287 3843 1376 3923 per-

199 3949 369 4028 durante
384 3945 510 4051 gratia
529 3944 814 4041 concessionis
834 3941 1094 4049 ejusdemque
1109 3969 1132 4020 a
1151 3942 1254 4022 Sede
1267 3946 1376 4047 Apo-

199 4071 341 4152 stoliea
382 4078 593 4152 consecute
634 4072 940 4178 prorepetione,
971 4067 1021 4146 ad
1049 4065 1231 4146 obeunda
1264 4067 1376 4145 mini-

199 4195 335 4292 steria,
364 4223 437 4302 pro
455 4193 579 4277 lubitu
607 4194 647 4272 in
676 4221 751 4273 sua
783 4192 966 4272 Dioecesi
995 4188 1199 4270 habilitare
1232 4199 1373 4296 potest,

201 4321 238 4401 si
266 4320 368 4401 velit.

284 4445 423 4551 Neque
450 4444 574 4526 ullam
602 4444 694 4524 huic
723 4441 865 4548 agendi
908 4439 1049 4521 rationi
1091 4431 1374 4522 dubitationem
