3550 5434
724 557 886 612 -155-

219 767 241 817 «
268 738 550 844 progationem,
571 735 629 814 acl
645 736 831 840 effectam
849 735 1049 816 obtinendi
1066 735 1394 843 dispensationem

221 893 243 940 a
271 889 298 940 c
323 860 631 941 solemnitatibus
656 861 927 968 praescriptis
957 868 994 940 et
1023 856 1265 963 facultatem
1296 886 1395 954 pro-

220 1015 242 1063 «
273 983 434 1064 cedendi
449 984 668 1063 summario
683 983 811 1084 mecla,
824 983 956 1090 juata
966 985 1135 1092 praxim
1148 987 1338 1088 alpentem
1355 1013 1391 1063 ».

296 1111 407 1206 Quae
435 1107 767 1214 praescriptiones
794 1117 888 1188 sunt
917 1109 1146 1188 conformes
1165 1107 1303 1188 sensui
1323 1133 1394 1186 na·

217 1231 346 1331 turali;
375 1258 550 1340 namque
569 1232 781 1339 unicuique
801 1233 940 1312 datum
959 1242 1021 1313 est
1039 1259 1125 1331 sua,
1146 1235 1287 1340 suique
1302 1231 1394 1339 jura

217 1357 331 1456 tueri;
360 1365 454 1437 sunt
478 1355 636 1462 legibus
665 1355 846 1436 civilibus
875 1364 1180 1455 consentaneae,
1218 1382 1394 1464 namque

219 1508 362 1564 omnes
389 1480 524 1587 populi
551 1481 631 1560 Rei
656 1481 930 1561 defensionem
958 1481 1179 1578 admittunt
1208 1489 1303 1561 sunt
1330 1481 1395 1560 de-

218 1607 339 1714 ntque
361 1605 440 1714 juri
469 1604 734 1685 ecclesiastico
780 1606 1080 1686 convenientes:
1120 1632 1295 1711 namque
1315 1607 1395 1686 Eo

219 1731 352 1830 etesia,
380 1730 435 1811 uti
465 1731 595 1810 Mater
635 1729 801 1836 pietatis
832 1758 926 1810 oum
959 1730 1160 1826 charitate,
1190 1737 1228 1810 et
1256 1729 1394 1809 ordine

220 1865 391 1953 servata,
416 1852 609 1960 justitiam
637 1853 774 1934 reddit.

300 1979 422 2059 Hisce
463 1977 732 2075 consideratis,
772 1975 956 2056 facillime
993 1978 1033 2057 S.
1062 1975 1395 2080 Congregationis

219 2101 447 2206 intelligitur
473 2101 585 2201 ratio,
615 2127 694 2207 qua
722 2099 856 2200 voluit,
885 2109 929 2180 ut
955 2102 1094 2182 omnia
1120 2101 1326 2199 InstItata,
1355 2099 1395 2178 in

219 2226 453 2308 dimissione
480 2225 758 2305 profitentium
786 2231 973 2305 votorum
1016 2224 1268 2330 simplicium,
1297 2249 1395 2304 noco

220 2356 429 2430 uterentur
447 2351 546 2457 jare
563 2397 578 2407 -
596 2349 710 2455 cujus
738 2348 1089 2456 dispensationem,
1106 2348 1252 2428 iteratis
1271 2347 1397 2453 preci-

220 2474 313 2572 buS,
343 2474 572 2554 omnimode
600 2473 818 2553 concedere
837 2474 978 2552 renuit.
998 2473 1117 2552 Nunc
1136 2471 1349 2578 quaeritur.

743 2810 779 2913 ἓ·
809 2812 878 2890 3·““

223 3039 374 3122 Utrum
401 3040 643 3146 dispensari,
673 3039 732 3118 nel
760 3038 915 3118 ditnitti
934 3041 1068 3146 possit
1097 3039 1317 3137 Professus
1336 3064 1400 3119 co-

332 3210 463 3282 torum
490 3201 734 3309 simpliciam
767 3200 946 3279 «morbo
971 3198 1235 3305 praepeditas
1264 3225 1284 3273 n
1307 3199 1395 3276 sine
1434 3233 1437 3238 ·

332 3361 416 3466 ejas
446 3363 665 3442 comensal

306 3593 409 3672 Inter
451 3592 651 3699 requisita,
693 3618 796 3698 quae
825 3617 899 3697 pro
940 3588 1176 3696 recipiendis
1214 3586 1397 3688 Novitas,

219 3716 348 3800 Clem.
377 3717 470 3797 VIII
499 3715 537 3794 in
575 3718 756 3798 Decreta.
777 3762 828 3774 —
861 3715 960 3794 Cam
988 3714 1047 3792 ad
1071 3714 1317 3818 Repalarem
1347 3760 1398 3772 —

220 3838 348 3920 voluit
374 3838 557 3919 inviolate
604 3838 867 3935 observanda,
897 3846 957 3917 est
986 3838 1170 3943 corporis
1203 3835 1397 3915 habitudo

223 3965 491 4046 Postulantis.

306 4087 411 4168 Hinc
447 4087 676 4194 complures
718 4093 852 4167 extant
893 4084 1157 4188 Regularium
1201 4083 1399 4164 Ordinum

220 4211 547 4311 ConstitutioneS,
565 4211 711 4318 quibus
739 4209 1006 4290 statuitur-ut
1033 4208 1067 4288 si
1097 4209 1187 4313 quis
1210 4206 1398 4287 habituali

221 4336 407 4444 corporis
435 4336 678 4441 aegritudine
706 4363 743 4414 ν.
760 4325 818 4440 gr.
854 4365 873 4413 ‹<
903 4332 1088 4413 comitiali
1113 4333 1257 4413 morbo
1278 4330 1401 4411 afflic-

224 4494 247 4542 «
279 4469 394 4561 tetur,
423 4487 597 4568 eumque
639 4467 806 4565 capatus
825 4468 927 4554 ante
967 4457 1283 4555 Prolessionem,
1317 4482 1397 4534 non
