3550 5434
725 1079 762 1157 6.

159 1399 468 1482 DECRETUM
505 1398 649 1478 Rom:
687 1397 908 1478 PONTIF:
942 1399 1013 1477 PII
1045 1397 1233 1478 PAPAE
1264 1395 1334 1475 IX.

356 1595 416 1661 DE
445 1614 808 1662 TESTIMONIALIBUS
839 1613 1148 1660 onmnnmontm

468 1795 533 1842 rao
556 1775 782 1844 Raoumnms
804 1793 851 1838 nn
874 1793 1029 1839 semron

631 1947 873 2006 —mo—

242 2239 423 2318 Romani
464 2235 674 2320 Pontifices
716 2261 789 2340 pro
831 2261 974 2314 eorum
1001 2233 1191 2340 pastorali
1229 2261 1339 2330 cura,

161 2391 240 2470 qua
274 2387 433 2467 semper
461 2359 725 2465 Regularium
753 2359 994 2439 tamiliarum
1022 2358 1131 2439 bono
1151 2368 1189 2439 et
1214 2359 1342 2465 splen·

162 2483 263 2563 dori!
281 2480 508 2587 prospicere
536 2506 618 2559 non
660 2480 892 2578 omiserunt,
923 2479 1017 2560 illud
1058 2477 1341 2585 Superioribus

162 2634 236 2714 pro
267 2605 420 2685 viribus
448 2605 792 2704 commendarunt,
822 2613 866 2685 ut
907 2614 1122 2710 antequam
1164 2604 1214 2683 ad
1256 2602 1342 2681 reli-

162 2735 327 2837 giosum
354 2729 534 2810 habitum
562 2729 808 2836 postulantes
836 2728 1068 2834 reciperent,
1098 2728 1147 2807 de
1180 2726 1339 2806 illorum

163 2857 254 2954 rita,
287 2853 480 2950 moribus,
510 2854 729 2962 ceterisque
757 2853 916 2934 dotibus
945 2859 982 2932 et
1010 2851 1265 2960 qualitatibus
1284 2877 1345 2930 se-

163 2979 259 3061 dulo
289 2979 542 3086 inquirerent,
572 3005 623 3058 ne
650 2977 823 3082 indignis
852 2977 903 3057 ad
932 2975 1140 3081 religiosas
1161 2975 1342 3073 familiae,

162 3132 247 3185 non
279 3103 365 3182 sine
392 3102 573 3181 maximo
600 3101 758 3182 illarum
787 3101 1034 3199 detrimento
1064 3100 1212 3180 ostium
1255 3099 1345 3179 ada-

163 3228 352 3337 perirent.
381 3229 536 3306 Verum
577 3224 794 3335 quamlibet
835 3225 1120 3305 Moderatores-
1147 3225 1345 3305 Ordinurn

164 3352 411 3458 diligentiam
427 3351 640 3432 adhibeant
654 3350 693 3428 in
708 3349 1056 3431 informationibus
1074 3348 1343 3457 exquirendis

110 3500 116 3511 ·
163 3481 202 3559 in
234 3478 351 3584 gravi
379 3486 513 3558 tamen
541 3487 583 3558 ut
610 3478 812 3585 plurimun
842 3486 1051 3558 versantur
1079 3476 1254 3584 periculo
1283 3477 1346 3557 de-

164 3602 374 3711 ceptionis
403 3601 479 3682 nisi
508 3601 559 3683 ab
588 3602 771 3682 locorum
799 3601 1054 3683 Antistitibus
1074 3600 1345 3684 testimonium

164 3725 381 3835 exquirant
409 3726 513 3806 circa
542 3753 683 3806 eorum
711 3726 932 3834 qualitates,
962 3727 1030 3833 qui
1072 3726 1123 3806 ad
1165 3723 1345 3804 habitum

163 3851 404 3957 religiosum
432 3849 582 3931 admitti
611 3850 832 3957 postulent:
863 3850 1064 3932 Ordinarii
1093 3849 1199 3929 enim
1218 3849 1256 3926 vi
1277 3875 1346 3955 pa-

163 3976 330 4057 storalis
360 3975 476 4055 officii
507 4003 604 4056 oves
623 4002 720 4056 suas
740 4002 836 4082 pree
856 3975 998 4054 ceteris
1017 4000 1239 4079 agnoscere
1258 3999 1347 4080 pos-

163 4109 274 4198 sunt,
305 4109 343 4180 et
370 4126 489 4207 saepe
518 4100 679 4208 saepius
708 4127 756 4180 ea
775 4100 1032 4180 manifestare
1050 4098 1345 4204 impedimenta,

164 4253 273 4334 quae
303 4225 402 4306 alios
420 4224 551 4305 latent.
573 4227 686 4305 Haec
706 4224 1040 4322 animadvertens
1059 4222 1347 4305 Sanctissimus

165 4353 215 4432 D.
248 4350 302 4430 N.
331 4348 429 4430 Pius
457 4350 539 4430 ΡΡ.
569 4349 639 4449 ΙΧ,
670 4349 802 4430 audito
848 4355 940 4429 voto
968 4351 1009 4429 S.
1040 4350 1091 4430 R.
1120 4351 1167 4428 Ε.
1211 4346 1347 4427 Cardi-

163 4476 323 4558 nalium
364 4473 483 4582 hujus
522 4476 670 4556 Sacrae
711 4474 1043 4580 Congregationis
1084 4499 1206 4579 super
1243 4480 1348 4551 statu
