3550 5434
750 573 752 578 -
873 550 1032 607 ..160-

373 765 391 808 a
421 731 637 812 blicazione
679 730 781 810 della
824 739 1008 836 presente
1044 731 1171 834 legge‚
1201 729 1267 809 dcl
1287 733 1410 837 piene
1440 759 1544 809 eser-

372 889 391 934 «
421 859 524 935 cisio
553 855 597 934 cli
626 858 720 936 tutti
750 859 765 934 i
792 880 948 936 uterum
967 879 1092 936 enlm
1118 882 1140 934 e
1167 854 1313 961 politici
1342 883 1379 935 n.

451 1009 471 1059 a
499 985 586 1060 Art.
616 980 697 1059 20.ο
726 983 741 1060 Ι
769 979 975 1060 fabbricati
1003 980 1063 1059 dei
1102 980 1293 1060 Conventi
1322 979 1541 1086 soppressi,

371 1137 389 1181 a
420 1105 579 1210 quando
608 1105 726 1184 siano
741 1106 922 1208 spombri
936 1103 1010 1182 dai
1024 1105 1238 1210 Religiosi,
1255 1130 1431 1184 sarenno
1449 1131 1543 1183 con-

370 1261 389 1306 a
421 1230 549 1308 ceduti
580 1235 602 1271 “
632 1229 736 1308 dallo
765 1230 875 1310 State
905 1291 929 1327 ‚‚
959 1228 995 1307 ai
1034 1229 1204 1309 Comani
1233 1230 1281 1309 ed
1324 1228 1399 1308 alle
1440 1230 1542 1307 Pro-

372 1387 390 1430 «
421 1354 545 1434 vincio
573 1383 610 1434 n.

446 1483 510 1560 Ex
539 1478 683 1584 quibus
712 1477 1039 1584 dispositionibus
1066 1499 1146 1560 nuo
1176 1504 1249 1582 pro
1291 1478 1408 1559 nobis
1450 1506 1543 1558 con-

368 1601 580 1683 sideranda
608 1601 800 1682 oriuntur.

450 1732 485 1805 1.
518 1726 656 1806 ltelate
684 1725 742 1804 acl
771 1726 1003 1807 Carmentae.

448 1853 485 1930 2.
515 1849 656 1930 Relate
684 1849 742 1929 acl
766 1851 1007 1955 Relipicsos
1074 1909 1078 1918 ·

447 1977 530 2056 Pro
559 1975 644 2054 iure
672 1974 773 2055 civili
794 1975 901 2054 enim
921 1977 1140 2056 Conccntue
1168 1979 1361 2059 Dromo
1385 1979 1539 2058 cedunt.

370 2101 571 2204 Relipiosi
616 2100 666 2180 ad
709 2123 810 2181 luna
830 2124 981 2181 ervum
1025 2101 1297 2182 restituuntur.
1347 2102 1446 2182 Heio
1492 2105 1541 2182 de

364 2227 514 2330 primis
543 2250 773 2304 sermonem
802 2223 1022 2322 habemus;
1051 2225 1215 2306 inferius
1245 2227 1294 2307 de
1314 2226 1513 2307 secundis.

449 2348 554 2428 Hinc
583 2348 784 2454 quaeritur
811 2350 974 2455 praefati
989 2351 1219 2430 Conventus
1248 2352 1411 2429 interim
1439 2351 1541 2430 cleu·

370 2500 509 2554 suram
542 2472 750 2554 amittunt?

422 2597 542 2678 Nulla
570 2597 769 2678 Romanis
796 2598 1059 2678 Pontificibus
1087 2606 1170 2678 tam
1199 2599 1336 2704 gravis
1364 2584 1437 2680 fuit
1476 2627 1544 2679 co-

370 2723 515 2828 gitate,
546 2748 668 2828 quam
697 2723 865 2803 firmitas
898 2724 1123 2804 Clausarac
1151 2750 1224 2829 pro
1257 2724 1540 2829 Regularibus.

370 2848 567 2928 Audiatur
581 2873 677 2952 prae
692 2848 880 2927 omnibus
896 2848 1125 2928 Bonilacius
1140 2849 1234 2928 VllI
1253 2848 1294 2926 in
1312 2875 1388 2928 sua
1405 2851 1540 2930 Const.

371 2973 606 3051 Periculose
626 2971 673 3049 cle
688 2972 808 3052 Statu
826 2973 1097 3075 Repnlarinm
1114 2974 1203 3052 libr.
1223 2972 1261 3052 6.
1296 3002 1316 3051 a
1336 2973 1541 3053 Praesenti

376 3129 393 3171 a
424 3095 712 3193 constitutione,
752 3105 947 3202 perpetuo
1007 3095 1327 3201 irrefragabiliter
1362 3097 1540 3194 valitura,

375 3252 393 3297 a
423 3219 626 3301 sancimus
668 3219 878 3299 universas
907 3231 945 3300 et
973 3220 1152 3325 singulas
1181 3221 1377 3300 moniales
1407 3220 1541 3325 (etiam

375 3377 394 3422 a
424 3343 631 3448 religiosos
654 3344 778 3448 viros)
809 3354 1038 3450 praesentes
1067 3355 1183 3451 atque
1213 3347 1377 3442 futurae,
1397 3346 1437 3423 in
1462 3345 1543 3451 qui-

374 3501 392 3545 «
424 3468 593 3548 buslibet
621 3468 758 3549 mundi
780 3469 958 3575 partibus
986 3470 1213 3570 existentes
1233 3469 1310 3551 sub
1330 3493 1542 3552 uenenum

375 3625 394 3669 a
424 3593 463 3672 in
491 3593 576 3671 suis
616 3594 873 3672 Monasteriis
902 3593 1046 3674 debere
1075 3594 1124 3674 de
1152 3604 1283 3675 cetero
1298 3621 1540 3701 permanere

376 3749 394 3795 a
424 3719 646 3799 onasum
676 3746 696 3794 n
729 3743 851 3823 quam
883 3717 1075 3800 Bonilacii
1117 3719 1357 3798 decretalem
1394 3720 1540 3825 ample

371 3869 447 3923 xae
475 3850 568 3922 sunt
596 3843 848 3922 successivae
876 3843 1134 3947 particulares
1170 3843 1351 3950 Spaneta}
1380 3843 1544 3948 eiusque

371 3967 646 4047 executionem
674 3975 711 4046 et
740 3966 1034 4046 observantiam
1076 3967 1294 4073 plurimum
1337 3993 1545 4047 commen-

372 4092 610 4174 darunt-uti
639 4091 772 4172 videre
800 4100 860 4172 est
888 4091 927 4172 in
961 4071 1187 4173 Coloniensi
1202 4119 1274 4175 an:
1306 4092 1545 4173 telo-ao-

372 4219 602 4298 nannetensi
630 4217 734 4296 1314
760 4263 779 4276 -
808 4217 848 4296 in
875 4217 1171 4318 Beneuentano,
1202 4218 1306 4298 1331
1335 4224 1408 4296 etc.

452 4344 563 4438 Quae
593 4343 784 4422 elrrasara
812 4341 1043 4447 impositae
1063 4341 1261 4422 Romanis
1279 4341 1543 4421 Pontificibus

373 4467 647 4572 complectitur
687 4493 785 4546 sane
825 4467 1080 4545 materialem
1122 4475 1352 4546 connection
1385 4467 1428 4542 in
1456 4467 1542 4545 sais
