3550 5434
761 514 904 569 ..23-

244 692 338 775 ralis
368 690 481 772 alicui
510 718 562 771 ex
590 691 872 797 Superioribus
901 694 1192 790 Conventuum,
1212 692 1247 772 si
1276 719 1419 773 eorum

244 815 436 912 muneris,
465 822 503 895 et
531 814 649 895 officii
691 816 970 897 necessitatem
1002 817 1041 896 id
1085 817 1245 921 exigere
1272 843 1419 922 cogno-

243 945 354 1043 verit,
384 943 550 1023 alteram
579 939 697 1021 etiam
730 940 872 1023 cellam
901 944 1131 1023 concedere.
1174 941 1305 1023 Cellae
1334 942 1418 1023 sive
1538 994 1541 1000 «

243 1069 456 1167 aediculae,
478 1092 580 1174 quae
608 1073 720 1146 extra
748 1066 1040 1147 Dormitorium
1068 1066 1283 1173 seperatim
1310 1075 1416 1167 sunt,

242 1195 292 1275 ad
321 1193 504 1275 officinas
532 1198 600 1273 aut
627 1190 725 1271 alias
745 1192 796 1271 ad
824 1218 1083 1272 communem
1102 1218 1237 1291 usum,
1258 1201 1295 1272 et
1310 1218 1419 1272 com·

243 1319 477 1401 moditatem
490 1318 721 1398 Conventus
736 1316 978 1420 rediguntur.
994 1316 1230 1422 Singillatim
1245 1343 1321 1397 suo
1338 1318 1418 1424 qui-

241 1472 341 1551 sque
368 1446 492 1523 Lecto
521 1440 649 1539 cubet,
679 1466 808 1547 neque
851 1441 960 1521 ullibi
996 1442 1077 1522 duo
1119 1441 1262 1522 eodem
1290 1444 1414 1522 Lecto

240 1567 415 1650 dormire
443 1566 610 1674 possint,
627 1565 694 1671 qui
723 1578 865 1645 omnes
894 1568 944 1646 ad
973 1576 1123 1646 certam
1153 1566 1325 1645 formam
1354 1593 1418 1645 re-

240 1693 396 1798 digendi
424 1698 551 1772 erunt.
581 1692 625 1769 ln
653 1688 815 1796 privatis
859 1689 979 1772 Cellis
1012 1689 1108 1770 nulli
1148 1688 1304 1771 Camini
1332 1717 1418 1796 per·

239 1818 455 1915 mittantur,
476 1816 547 1896 sed
576 1840 719 1894 omnes
747 1812 1007 1894 obstruantur
1021 1814 1167 1910 statim,
1183 1814 1415 1895 cardinibus

239 1941 359 2023 etiam
401 1969 424 2021 e
464 1938 681 2047 parietibus
722 1936 938 2039 convulsiS,
968 1948 1011 2020 ut
1051 1966 1118 2018 res
1146 1939 1212 2019 illa
1252 1939 1414 2019 non.ad

124 2104 128 2113 ·
237 2073 397 2173 tempus
425 2066 538 2162 facta,
568 2064 639 2144 sed
658 2070 849 2169 perpetuo
878 2064 1069 2144 duratura
1093 2062 1284 2163 videatur,
1305 2062 1415 2144 cellis

237 2198 372 2271 tamen
402 2188 621 2282 Generalis
653 2195 720 2267 aut
748 2185 911 2267 alterius
951 2186 1189 2294 Superioris,
1219 2215 1267 2268 ac
1293 2190 1414 2268 Prae-

237 2312 426 2394 dicatoris
455 2312 643 2418 exceptis.

316 2439 361 2517 P.
386 2438 451 2518 17.
480 2484 532 2496 -
560 2438 791 2517 Conventus
819 2439 1037 2516 Fenestrae
1056 2462 1211 2534 omneS,
1242 2437 1414 2543 quaein

234 2562 321 2641 vias
336 2561 559 2669 pubblicaS,
576 2559 698 2640 autin
712 2560 865 2640 vicinas
885 2560 1103 2641 Laicorum
1123 2561 1243 2641 aedes
1257 2560 1433 2672 prospig
1504 2646 1508 2654 ,

233 2686 347 2785 cient,
367 2711 488 2765 muro
507 2685 560 2763 ita
580 2681 850 2782 obstruantur,
868 2691 911 2762 ut
938 2683 1103 2762 omnino
1119 2684 1154 2763 is
1173 2692 1411 2789 prospectus

234 2810 485 2917 impediatur.
992 2890 998 2899 ,

313 2936 360 3015 Ρ.
378 2934 441 3015 18.
460 2980 510 2994 -
530 2930 876 3013 Valetudinarium
896 2931 937 3011 in
956 2930 1125 3037 singulis
1142 2931 1413 3013 Conventibus

232 3070 354 3158 certe,
386 3086 433 3140 ac
475 3056 687 3139 salubriori
729 3058 840 3137 Loco
882 3057 1157 3156 constituatur,
1187 3058 1296 3163 quod
1339 3083 1412 3163 pro

230 3185 330 3265 Loci
359 3184 449 3283 situ,
479 3209 526 3263 ac
554 3186 743 3268 Fratrum
774 3214 956 3289 numero,
986 3190 1119 3295 quoad
1147 3188 1233 3267 fieri
1257 3188 1410 3296 poterit,

234 3308 613 3388 commodissimum
634 3338 723 3392 esse
745 3311 883 3418 possit,
905 3312 945 3391 in
973 3339 1053 3419 quo
1073 3315 1235 3393 Fratres
1254 3338 1410 3414 omneS,

233 3460 328 3512 cum
348 3432 622 3537 aegrotabunt,
643 3446 843 3534 curentur,
865 3462 939 3514 nec
958 3434 1062 3532 inde,
1084 3436 1161 3515 nisi
1177 3446 1411 3543 recuperata
1436 3438 1441 3450 '

235 3558 413 3656 sanitate,
444 3556 554 3637 abire
581 3559 868 3665 permittantur.
898 3560 975 3656 Qui
1016 3586 1113 3640 vero
1154 3559 1411 3642 infirmorum

234 3706 366 3775 curae,
396 3682 610 3788 praepositi
638 3692 742 3780 sunt,
764 3682 875 3763 omni
904 3682 1123 3781 sedulitate,
1141 3711 1188 3764 ac
1216 3684 1409 3766 charitate

235 3832 400 3912 operam
443 3832 562 3887 suam
603 3808 873 3914 praestabunt,
910 3836 956 3889 ac
984 3808 1193 3907 curabunt,
1222 3836 1273 3889 ne
1315 3809 1409 3916 quid

234 3929 408 4035 aegrotis
437 3930 601 4011 omnino
630 3932 742 4029 desit,
772 3934 880 4039 quod
909 3934 959 4013 ad
998 3931 1208 4013 sanitatem
1249 3959 1411 4040 recupe-

234 4054 403 4136 randam
431 4054 631 4161 pertineat.

311 4177 359 4257 P.
377 4178 439 4259 19.
470 4225 521 4237 —
550 4181 708 4259 lneatur
723 4178 824 4259 ratio
843 4206 935 4286 qua,
953 4179 1121 4260 sublatis
1143 4179 1344 4279 Licentiis,
1361 4206 1409 4260 ac

234 4301 484 4383 facultatibus
513 4302 706 4383 hactenus
735 4302 1057 4411 quibuscumque
1096 4306 1314 4403 concessis
1345 4305 1409 4384 de

234 4437 373 4530 gentes
401 4435 514 4506 extra
551 4427 782 4507 Conventus
811 4426 997 4527 claustra,
1026 4430 1077 4510 ad
1106 4457 1153 4510 ea
1182 4456 1304 4536 quam
1334 4428 1409 4534 pri·
