3550 5434
719 524 824 579 -167
843 553 879 566 -

210 703 273 782 vel
288 703 522 784 missionem
551 702 751 809 complere
769 701 998 782 necessario
1018 701 1159 782 debeat
1177 703 1262 780 sive
1282 702 1383 781 intro

211 828 344 908 ltaliae
371 828 486 926 fines,
515 826 588 907 vel·
605 825 707 906 ultra
744 833 915 926 montes,
945 836 1013 908 aut
1040 825 1194 923 maria;
1224 836 1261 908 ot
1288 834 1383 906 tunc

209 952 517 1034 Saecularizatio
548 953 749 1032 confertur
786 952 837 1032 od
865 978 1029 1051 annum,
1069 951 1284 1047 biennium,
1316 959 1384 1032 aut

211 1079 524 1185 quinquennium
569 1106 590 1154 «
632 1105 679 1157 eo
721 1102 915 1183 expressa
957 1076 1056 1180 lege,
1103 1082 1146 1155 ut
1187 1075 1289 1155 illico
1318 1076 1386 1157 ha-

213 1233 232 1280 «
263 1203 390 1282 bitum
427 1203 656 1307 regularem
698 1202 876 1300 dimittat,
920 1209 958 1280 et
1000 1199 1212 1307 adimpleat
1254 1201 1386 1281 condi·

213 1357 234 1406 a
264 1328 391 1408 tiones
419 1327 494 1435 ipsi
522 1354 546 1407 a
572 1327 786 1433 Superiora
819 1326 1085 1432 praescriptas
1115 1356 1150 1404 ».

731 1719 765 1821 S·
795 1718 864 1797 5³¹⁸

211 1949 325 2038 Quid
350 1951 542 2058 importat
561 1949 889 2029 Saecubtriratio
919 1947 977 2027 nd
1001 1947 1158 2027 Natum
1174 1948 1216 2026 S.
1237 1946 1386 2026 Sedis?

292 2194 554 2300 Regularium
584 2195 781 2276 Ordinum
810 2189 988 2275 Alumni
1014 2221 1085 2301 per
1113 2197 1266 2274 ciuilem
1297 2224 1385 2304 sup-

198 2325 465 2429 pressionem,
496 2349 518 2400 e
545 2320 738 2401 Claustris
771 2321 894 2428 ejecti,
924 2318 1168 2400 domicilium
1197 2319 1272 2399 sibi
1292 2321 1381 2401 ubi-

207 2473 383 2553 cumque
425 2472 498 2553 pro
526 2445 779 2550 singulorum
816 2443 1013 2551 adjunctis
1049 2443 1155 2524 licuit
1196 2451 1381 2525 statuere.

205 2577 288 2651 Ast
328 2570 508 2651 nonnulli
548 2570 730 2676 ipsorum
759 2569 830 2674 (uti
871 2567 1014 2673 legitur
1051 2569 1091 2647 in
1132 2568 1194 2647 cit.
1238 2570 1381 2649 decret.

205 2697 232 2775 5
261 2700 369 2799 Aug.
402 2693 516 2794 1872,
532 2721 569 2773 n.
589 2693 761 2796 160392)
774 2693 930 2772 levitate
950 2692 1087 2772 forsan
1107 2691 1241 2789 animi,
1264 2701 1382 2799 atque

205 2816 472 2896 inconstantia
500 2789 702 2923 propo'siti
733 2841 892 2922 quoque
921 2814 1250 2894 commoditatum
1284 2816 1383 2896 desi-

204 2941 330 3036 derio,
360 2941 439 3021 huc
466 2940 558 3019 illuc
586 2966 728 3019 omnes
757 2939 839 3018 fere
865 2938 1018 3018 Italiam
1039 2939 1317 3046 peragrabant,
1339 2941 1379 3020 in

203 3073 366 3145 exteras
409 3091 537 3172 usque
579 3064 763 3167 regiones
792 3061 1031 3167 migrabant,
1065 3061 1379 3164 revertebantur,

203 3188 295 3268 sine
322 3187 403 3268 ullu
431 3187 684 3267 observantia
712 3214 809 3291 erga
836 3187 1095 3293 Superiores3
1126 3187 1279 3294 absque
1300 3187 1379 3268 ulla

203 3311 431 3392 obedientia
459 3339 555 3416 erga
586 3310 808 3418 Episcopos
840 3309 1045 3407 locorum3
1088 3337 1183 3390 oum
1220 3310 1381 3393 habitus

202 3436 382 3540 religiosi
410 3436 624 3533 dedecore3
654 3442 692 3515 et
719 3461 815 3514 cum
842 3434 1104 3515 admiratione
1122 3434 1380 3541 populorum.

203 3561 315 3640 Hinc
332 3561 432 3641 Pius
451 3560 509 3640 IX
524 3561 575 3641 ad
593 3559 878 3666 corripiendos
895 3559 1219 3667 coercendosque
1246 3559 1381 3668 hujus·

201 3684 319 3764 modi
346 3685 509 3784 abusos,
540 3683 673 3784 voluit,
703 3693 745 3764 ut
773 3684 847 3791 ipsi
876 3683 938 3764 vel
967 3683 1170 3764 obedirent
1211 3685 1379 3764 decretis

201 3809 395 3916 superius
422 3809 567 3906 relatis,
598 3808 659 3888 vel
688 3807 1085 3888 saecularizationem
1113 3817 1299 3914 peterent.
1331 3809 1381 3889 Et

200 3929 322 4012 multi
350 3933 469 4013 etiam
498 3931 766 4014 annuentibus
795 3932 1089 4038 Superioribus
1111 3932 1380 4013 Saeculariza-

199 4057 357 4137 tionem
385 4057 591 4164 petierunt,
608 4083 732 4164 quam
747 4057 788 4137 S.
806 4055 1084 4160 Congregatio,
1106 4056 1261 4138 attentis
1295 4083 1382 4163 par-

197 4180 437 4262 ticularibus
452 4182 760 4263 circumstantiis
787 4181 828 4261 in
855 4209 900 4260 re
928 4182 1276 4278 concurrentibus;
1296 4209 1381 4288 per-

200 4307 423 4413 pensisque
478 4306 693 4414 adjunctis,
746 4333 797 4387 ex
842 4305 990 4414 quibus
1037 4307 1244 4387 constabat
1261 4353 1280 4365 -
1298 4333 1379 4387 non

197 4458 327 4538 posse
348 4432 411 4510 eis
439 4431 668 4512 immediate
695 4432 876 4512 conferre
915 4430 1310 4512 saecularizationem
1338 4431 1379 4510 in
