3550 5434
1007 1081 1044 1160 3.

853 1391 1193 1472 DECRETA

439 1609 635 1674 Onnunurrs
658 1608 775 1672 Parae
810 1607 938 1672 Ducnn
964 1627 1035 1671 nou
1064 1625 1261 1672 nummum
1291 1625 1395 1672 mene
1431 1603 1611 1668 Cunusrne

503 1803 573 1848 rau
590 1781 757 1846 Onunrcos
773 1799 867 1854 Quen
883 1779 1010 1844 Lamos
1026 1799 1095 1842 u1s1
1111 1796 1315 1842 Armenium
1333 1797 1452 1858 annue,
1471 1795 1541 1839 erc.

905 1953 1147 2010 -em—

519 2224 603 2304 Etsi
632 2225 811 2304 Decretis
843 2251 983 2303 sacrae
1010 2221 1339 2327 Congregatienis
1359 2248 1481 2327 super
1498 2221 1612 2299 Statu

439 2348 703 2453 Regularium
746 2350 794 2428 de
832 2349 1022 2428 mandato
1063 2350 1327 2429 Summarum
1369 2345 1611 2425 Pontificum

439 2473 655 2564 Innocentii
685 2473 849 2570 Decimi,
880 2481 917 2552 et
936 2472 1156 2552 Alexandri
1174 2472 1337 2576 Septimi
1352 2472 1436 2577 jam
1457 2469 1611 2575 pridem

439 2598 552 2677 editis
567 2623 639 2704 pro
660 2597 827 2677 Novitiis
847 2597 1081 2702 recipiendis
1100 2603 1292 2676 statutum
1311 2597 1373 2691 sit,
1394 2605 1436 2675 ut
1455 2619 1610 2693 nunnae,

440 2722 519 2828 qui,
550 2722 599 2801 ad
628 2721 807 2800 habitum
837 2721 1082 2826 probationis
1110 2748 1155 2800 se
1173 2721 1293 2827 recipi
1314 2719 1610 2826 postulaverint,

441 2846 644 2952 diligenter
672 2847 951 2926 examinentur
978 2873 1025 2925 ac
1054 2873 1123 2950 per
1150 2856 1242 2924 vote
1279 2853 1433 2924 secreta
1469 2871 1614 2951 appro-

441 2972 584 3051 bentur
600 2979 796 3076 quotquot
809 2971 943 3049 idonei
957 2971 1099 3076 reperti
1115 2971 1259 3049 luerint
1275 2978 1413 3066 aetate,
1433 2970 1611 3074 aliisque,

440 3095 639 3202 requisitis
668 3095 718 3175 ad
747 3095 1037 3200 praescriptum
1065 3094 1389 3201 Apostolicarum
1419 3093 1613 3175 Constitu-

439 3223 593 3301 tinnum
615 3229 651 3300 et
669 3222 915 3301 Statuturum
936 3220 1107 3319 Ordinis
1128 3247 1202 3299 nec
1221 3220 1434 3326 quisquam
1455 3245 1613 3298 censea-

439 3355 503 3426 tur
520 3344 660 3424 habilis
688 3345 737 3424 ad
767 3343 996 3450 hujusmodi
1025 3344 1205 3425 habitum
1233 3345 1545 3450 suscipiendum,
1570 3352 1612 3423 ut

439 3471 615 3551 Clericus
645 3469 720 3547 nisi
748 3495 901 3549 annum
921 3471 1059 3548 aetatis
1078 3497 1176 3548 suae
1195 3470 1396 3549 decimum
1416 3468 1611 3574 quintum,

440 3621 567 3700 neque
596 3602 639 3672 ut
665 3595 909 3687 Conversus,
939 3595 1013 3673 nisi
1042 3621 1194 3673 annum
1222 3594 1462 3698 vigesimum
1483 3591 1614 3698 exple-

440 3720 562 3815 verit;
592 3717 850 3797 nihilominus
880 3719 920 3797 in
948 3719 1129 3823 pluribus
1162 3719 1440 3824 Religionibus
1481 3717 1613 3798 ltaliae

441 3855 477 3925 et
506 3845 732 3925 insularum
761 3845 1025 3950 adjacentium
1054 3844 1250 3950 aliquibus
1280 3843 1330 3923 ab
1362 3844 1455 3922 hinc
1497 3843 1613 3922 annis

440 3971 708 4050 introductum
738 3978 807 4066 est,
839 3978 880 4049 ut
909 3969 1147 4076 recipiantur
1179 3968 1466 4049 Adulescentes
1504 3967 1614 4048 Laici

442 4122 522 4174 non
551 4095 710 4200 quidem
741 4120 813 4199 pre
842 4093 1068 4178 Conversis,
1098 4103 1141 4171 ut
1177 4120 1329 4172 annum
1368 4093 1614 4198 probationis

442 4219 640 4325 incipiunt,
671 4228 708 4297 et
736 4219 847 4297 finite
875 4227 1055 4324 tempore
1091 4218 1315 4297 Novitiatus
1357 4218 1615 4297 admittantur

443 4345 491 4422 ad
521 4342 835 4438 Prolessionem,
865 4343 936 4422 sed
964 4368 1037 4448 pro
1066 4343 1268 4422 Tertiariis
1289 4352 1324 4421 et
1354 4342 1519 4442 Oblatis,
1540 4369 1614 4422 seu

442 4469 621 4568 Uenetis
651 4467 765 4574 eique
793 4467 970 4547 tradetur
997 4466 1167 4566 habitus,
1197 4477 1239 4547 ut
1263 4477 1417 4564 vocant,
1438 4468 1525 4546 sine
1544 4468 1614 4548 Ca-
