<?xml version="1.0" encoding="UTF-8"?>
<!DOCTYPE html PUBLIC "-//W3C//DTD XHTML 1.0 Transitional//EN"
    "http://www.w3.org/TR/xhtml1/DTD/xhtml1-transitional.dtd">
<html xmlns="http://www.w3.org/1999/xhtml" xml:lang="en" lang="en">
 <head>
  <title>
</title>
<meta http-equiv="Content-Type" content="text/html;charset=utf-8" />
  <meta name='ocr-system' content='tesseract 3.04.00' />
  <meta name='ocr-capabilities' content='ocr_page ocr_carea ocr_par ocr_line ocrx_word'/>
</head>
<body>
  <div class='ocr_page' id='page_1' title='image "./dejurepracticor00nervgoog_0148.png"; bbox 0 0 3550 5434; ppageno 0'>
   <div class='ocr_carea' id='block_1_1' title="bbox 934 570 1094 624">
    <p class='ocr_par' dir='ltr' id='par_1_1' title="bbox 934 570 1094 624">
     <span class='ocr_line' id='line_1_1' title="bbox 934 570 1094 624; baseline 0 -1"><span class='ocrx_word' id='word_1_1' title='bbox 934 570 1094 624; x_wconf 81' lang='lat'>-146-</span> 
     </span>
    </p>
   </div>
   <div class='ocr_carea' id='block_1_2' title="bbox 407 745 1601 4584">
    <p class='ocr_par' dir='ltr' id='par_1_2' title="bbox 425 745 1601 1330">
     <span class='ocr_line' id='line_1_2' title="bbox 426 745 1599 856; baseline -0.007 -23"><span class='ocrx_word' id='word_1_2' title='bbox 426 751 587 833; x_wconf 90' lang='lat' dir='ltr'>Ordinis</span> <span class='ocrx_word' id='word_1_3' title='bbox 629 749 819 832; x_wconf 85' lang='lat' dir='ltr'>Ecclesiis</span> <span class='ocrx_word' id='word_1_4' title='bbox 847 775 920 856; x_wconf 94' lang='lat' dir='ltr'>pro</span> <span class='ocrx_word' id='word_1_5' title='bbox 949 748 1047 855; x_wconf 90' lang='lat' dir='ltr'>ipsis</span> <span class='ocrx_word' id='word_1_6' title='bbox 1076 745 1372 826; x_wconf 70' lang='lat' dir='ltr'>instaurandis?</span> <span class='ocrx_word' id='word_1_7' title='bbox 1400 753 1495 824; x_wconf 90' lang='lat' dir='ltr'>tunc</span> <span class='ocrx_word' id='word_1_8' title='bbox 1522 745 1599 825; x_wconf 87' lang='lat' dir='ltr'>alia</span> 
     </span>
     <span class='ocr_line' id='line_1_3' title="bbox 425 872 1601 982; baseline -0.005 -27"><span class='ocrx_word' id='word_1_9' title='bbox 425 876 640 982; x_wconf 74' lang='lat' dir='ltr'>imponitur</span> <span class='ocrx_word' id='word_1_10' title='bbox 682 873 867 974; x_wconf 89' lang='lat' dir='ltr'>conditi0,</span> <span class='ocrx_word' id='word_1_11' title='bbox 897 900 1041 980; x_wconf 88' lang='lat' dir='ltr'>nempe</span> <span class='ocrx_word' id='word_1_12' title='bbox 1069 880 1111 951; x_wconf 90' lang='lat' dir='ltr'>ut</span> <span class='ocrx_word' id='word_1_13' title='bbox 1143 903 1163 948; x_wconf 93' lang='lat'>«</span> <span class='ocrx_word' id='word_1_14' title='bbox 1192 872 1353 950; x_wconf 71' lang='lat' dir='ltr'>ecclesa</span> <span class='ocrx_word' id='word_1_15' title='bbox 1396 872 1478 949; x_wconf 82' lang='lat' dir='ltr'>alio</span> <span class='ocrx_word' id='word_1_16' title='bbox 1507 896 1601 977; x_wconf 83' lang='lat' dir='ltr'>qao-</span> 
     </span>
     <span class='ocr_line' id='line_1_4' title="bbox 429 998 1600 1106; baseline -0.003 -29"><span class='ocrx_word' id='word_1_17' title='bbox 429 1031 448 1077; x_wconf 88' lang='lat'>«</span> <span class='ocrx_word' id='word_1_18' title='bbox 479 1028 641 1106; x_wconf 78' lang='lat' dir='ltr'>camqae</span> <span class='ocrx_word' id='word_1_19' title='bbox 671 1027 757 1096; x_wconf 79' lang='lat' dir='ltr'>aaa,</span> <span class='ocrx_word' id='word_1_20' title='bbox 782 1001 958 1106; x_wconf 80' lang='lat' dir='ltr'>pecnnia</span> <span class='ocrx_word' id='word_1_21' title='bbox 986 998 1149 1077; x_wconf 84' lang='lat' dir='ltr'>collecta</span> <span class='ocrx_word' id='word_1_22' title='bbox 1178 999 1222 1075; x_wconf 78' lang='lat' dir='ltr'>in</span> <span class='ocrx_word' id='word_1_23' title='bbox 1254 1023 1476 1103; x_wconf 83' lang='lat' dir='ltr'>espressam</span> <span class='ocrx_word' id='word_1_24' title='bbox 1504 1023 1600 1074; x_wconf 82' lang='lat' dir='ltr'>cac-</span> 
     </span>
     <span class='ocr_line' id='line_1_5' title="bbox 427 1119 1600 1228; baseline -0.003 -27"><span class='ocrx_word' id='word_1_25' title='bbox 427 1155 446 1201; x_wconf 91' lang='lat'>«</span> <span class='ocrx_word' id='word_1_26' title='bbox 476 1152 566 1204; x_wconf 85' lang='lat' dir='ltr'>sam</span> <span class='ocrx_word' id='word_1_27' title='bbox 606 1123 825 1204; x_wconf 75' lang='lat' dir='ltr'>damtaccat</span> <span class='ocrx_word' id='word_1_28' title='bbox 866 1130 1078 1228; x_wconf 59' lang='lat' dir='ltr'>erogatam</span> <span class='ocrx_word' id='word_1_29' title='bbox 1123 1121 1307 1201; x_wconf 73' lang='lat' dir='ltr'>adhibitis</span> <span class='ocrx_word' id='word_1_30' title='bbox 1348 1119 1512 1199; x_wconf 79' lang='lat' dir='ltr'>cautelis</span> <span class='ocrx_word' id='word_1_31' title='bbox 1549 1145 1600 1198; x_wconf 90' lang='lat' dir='ltr'>ne</span> 
     </span>
     <span class='ocr_line' id='line_1_6' title="bbox 429 1247 936 1330; baseline 0.002 -3"><span class='ocrx_word' id='word_1_32' title='bbox 429 1280 448 1328; x_wconf 95' lang='lat'>«</span> <span class='ocrx_word' id='word_1_33' title='bbox 477 1247 667 1330; x_wconf 85' lang='lat' dir='ltr'>scandala</span> <span class='ocrx_word' id='word_1_34' title='bbox 694 1249 872 1328; x_wconf 88' lang='lat' dir='ltr'>oriantur</span> <span class='ocrx_word' id='word_1_35' title='bbox 900 1276 936 1328; x_wconf 77' lang='lat' dir='ltr'>n.</span> 
     </span>
    </p>

    <p class='ocr_par' dir='ltr' id='par_1_3' title="bbox 407 1359 1599 4584">
     <span class='ocr_line' id='line_1_7' title="bbox 502 1359 1599 1478; baseline -0.005 -25"><span class='ocrx_word' id='word_1_36' title='bbox 502 1373 581 1454; x_wconf 90' lang='lat' dir='ltr'>Sed</span> <span class='ocrx_word' id='word_1_37' title='bbox 618 1371 704 1451; x_wconf 87' lang='lat' dir='ltr'>heic</span> <span class='ocrx_word' id='word_1_38' title='bbox 740 1379 1010 1478; x_wconf 89' lang='lat' dir='ltr'>opportunum</span> <span class='ocrx_word' id='word_1_39' title='bbox 1048 1370 1202 1453; x_wconf 91' lang='lat' dir='ltr'>videtur</span> <span class='ocrx_word' id='word_1_40' title='bbox 1242 1372 1390 1450; x_wconf 81' lang='lat' dir='ltr'>referre</span> <span class='ocrx_word' id='word_1_41' title='bbox 1427 1359 1599 1451; x_wconf 85' lang='lat' dir='ltr'>declara-</span> 
     </span>
     <span class='ocr_line' id='line_1_8' title="bbox 407 1491 1596 1603; baseline -0.003 -27"><span class='ocrx_word' id='word_1_42' title='bbox 407 1491 551 1578; x_wconf 84' lang='lat' dir='ltr'>¹tiones</span> <span class='ocrx_word' id='word_1_43' title='bbox 567 1525 589 1577; x_wconf 90' lang='lat' dir='ltr'>a</span> <span class='ocrx_word' id='word_1_44' title='bbox 605 1497 644 1578; x_wconf 90' lang='lat' dir='ltr'>S.</span> <span class='ocrx_word' id='word_1_45' title='bbox 656 1498 781 1600; x_wconf 85' lang='lat' dir='ltr'>Cong.</span> <span class='ocrx_word' id='word_1_46' title='bbox 799 1496 930 1603; x_wconf 85' lang='lat' dir='ltr'>Episc.</span> <span class='ocrx_word' id='word_1_47' title='bbox 953 1503 991 1576; x_wconf 89' lang='lat' dir='ltr'>et</span> <span class='ocrx_word' id='word_1_48' title='bbox 1009 1496 1110 1600; x_wconf 87' lang='lat' dir='ltr'>Reg.</span> <span class='ocrx_word' id='word_1_49' title='bbox 1127 1497 1241 1575; x_wconf 86' lang='lat' dir='ltr'>datas</span> <span class='ocrx_word' id='word_1_50' title='bbox 1260 1494 1312 1576; x_wconf 82' lang='lat'>26</span> <span class='ocrx_word' id='word_1_51' title='bbox 1330 1496 1464 1576; x_wconf 88' lang='lat' dir='ltr'>Martii</span> <span class='ocrx_word' id='word_1_52' title='bbox 1481 1495 1596 1592; x_wconf 84' lang='lat'>1677,</span> 
     </span>
     <span class='ocr_line' id='line_1_9' title="bbox 423 1617 1598 1725; baseline -0.004 -25"><span class='ocrx_word' id='word_1_53' title='bbox 423 1629 461 1700; x_wconf 87' lang='lat' dir='ltr'>et</span> <span class='ocrx_word' id='word_1_54' title='bbox 487 1646 627 1700; x_wconf 86' lang='lat' dir='ltr'>mense</span> <span class='ocrx_word' id='word_1_55' title='bbox 654 1619 781 1725; x_wconf 78' lang='lat' dir='ltr'>Aprili</span> <span class='ocrx_word' id='word_1_56' title='bbox 813 1617 926 1700; x_wconf 83' lang='lat'>1756.</span> <span class='ocrx_word' id='word_1_57' title='bbox 943 1618 1170 1700; x_wconf 88' lang='lat' dir='ltr'>Minoribus</span> <span class='ocrx_word' id='word_1_58' title='bbox 1187 1619 1228 1699; x_wconf 89' lang='lat' dir='ltr'>S.</span> <span class='ocrx_word' id='word_1_59' title='bbox 1248 1618 1453 1698; x_wconf 87' lang='lat' dir='ltr'>Francisci</span> <span class='ocrx_word' id='word_1_60' title='bbox 1482 1620 1598 1697; x_wconf 86' lang='lat' dir='ltr'>circa</span> 
     </span>
     <span class='ocr_line' id='line_1_10' title="bbox 423 1741 1596 1851; baseline -0.001 -29"><span class='ocrx_word' id='word_1_61' title='bbox 423 1745 692 1851; x_wconf 78' lang='lat' dir='ltr'>capacitatem</span> <span class='ocrx_word' id='word_1_62' title='bbox 720 1742 938 1851; x_wconf 70' lang='lat' dir='ltr'>receptendi</span> <span class='ocrx_word' id='word_1_63' title='bbox 962 1744 1097 1847; x_wconf 64' lang='lat' dir='ltr'>legata</span> <span class='ocrx_word' id='word_1_64' title='bbox 1129 1771 1149 1819; x_wconf 93' lang='lat'>«</span> <span class='ocrx_word' id='word_1_65' title='bbox 1177 1743 1303 1822; x_wconf 87' lang='lat' dir='ltr'>Sacra</span> <span class='ocrx_word' id='word_1_66' title='bbox 1331 1741 1596 1846; x_wconf 82' lang='lat' dir='ltr'>Congregatio</span> 
     </span>
     <span class='ocr_line' id='line_1_11' title="bbox 426 1866 1598 1974; baseline 0.001 -31"><span class='ocrx_word' id='word_1_67' title='bbox 426 1869 637 1974; x_wconf 86' lang='lat' dir='ltr'>«saepius</span> <span class='ocrx_word' id='word_1_68' title='bbox 679 1867 892 1947; x_wconf 82' lang='lat' dir='ltr'>declaravit</span> <span class='ocrx_word' id='word_1_69' title='bbox 932 1870 1095 1947; x_wconf 87' lang='lat' dir='ltr'>Fratres</span> <span class='ocrx_word' id='word_1_70' title='bbox 1141 1866 1322 1945; x_wconf 83' lang='lat' dir='ltr'>Minores</span> <span class='ocrx_word' id='word_1_71' title='bbox 1358 1867 1398 1946; x_wconf 89' lang='lat' dir='ltr'>S.</span> <span class='ocrx_word' id='word_1_72' title='bbox 1437 1867 1598 1946; x_wconf 90' lang='lat' dir='ltr'>Franci-</span> 
     </span>
     <span class='ocr_line' id='line_1_12' title="bbox 427 1990 1598 2098; baseline 0 -30"><span class='ocrx_word' id='word_1_73' title='bbox 427 2021 447 2068; x_wconf 88' lang='lat'>«</span> <span class='ocrx_word' id='word_1_74' title='bbox 478 1991 547 2090; x_wconf 88' lang='lat' dir='ltr'>sci,</span> <span class='ocrx_word' id='word_1_75' title='bbox 561 1991 745 2098; x_wconf 79' lang='lat' dir='ltr'>quamvis</span> <span class='ocrx_word' id='word_1_76' title='bbox 756 1999 902 2072; x_wconf 87' lang='lat' dir='ltr'>attenta</span> <span class='ocrx_word' id='word_1_77' title='bbox 916 1991 1173 2098; x_wconf 84' lang='lat' dir='ltr'>dispositione</span> <span class='ocrx_word' id='word_1_78' title='bbox 1187 1990 1455 2071; x_wconf 88' lang='lat' dir='ltr'>Clementinae</span> <span class='ocrx_word' id='word_1_79' title='bbox 1464 1990 1598 2070; x_wconf 77' lang='lat' dir='ltr'>Emicc‘</span> 
     </span>
     <span class='ocr_line' id='line_1_13' title="bbox 429 2114 1594 2216; baseline -0.001 -23"><span class='ocrx_word' id='word_1_80' title='bbox 429 2147 448 2193; x_wconf 97' lang='lat'>«</span> <span class='ocrx_word' id='word_1_81' title='bbox 479 2117 527 2197; x_wconf 84' lang='lat' dir='ltr'>de</span> <span class='ocrx_word' id='word_1_82' title='bbox 555 2115 778 2216; x_wconf 81' lang='lat' dir='ltr'>ParadisO,</span> <span class='ocrx_word' id='word_1_83' title='bbox 817 2126 854 2196; x_wconf 87' lang='lat' dir='ltr'>et</span> <span class='ocrx_word' id='word_1_84' title='bbox 888 2115 1223 2198; x_wconf 88' lang='lat' dir='ltr'>Constitutionum</span> <span class='ocrx_word' id='word_1_85' title='bbox 1261 2114 1413 2195; x_wconf 89' lang='lat' dir='ltr'>Nicolai</span> <span class='ocrx_word' id='word_1_86' title='bbox 1460 2115 1594 2214; x_wconf 88' lang='lat' dir='ltr'>Tertii,</span> 
     </span>
     <span class='ocr_line' id='line_1_14' title="bbox 428 2240 1595 2346; baseline -0.001 -27"><span class='ocrx_word' id='word_1_87' title='bbox 428 2271 448 2320; x_wconf 94' lang='lat'>«</span> <span class='ocrx_word' id='word_1_88' title='bbox 478 2251 516 2321; x_wconf 88' lang='lat' dir='ltr'>et</span> <span class='ocrx_word' id='word_1_89' title='bbox 556 2242 768 2323; x_wconf 88' lang='lat' dir='ltr'>Clementis</span> <span class='ocrx_word' id='word_1_90' title='bbox 812 2242 963 2339; x_wconf 87' lang='lat' dir='ltr'>Octavi,</span> <span class='ocrx_word' id='word_1_91' title='bbox 1007 2241 1086 2320; x_wconf 88' lang='lat' dir='ltr'>sint</span> <span class='ocrx_word' id='word_1_92' title='bbox 1126 2242 1337 2346; x_wconf 83' lang='lat' dir='ltr'>incapaces</span> <span class='ocrx_word' id='word_1_93' title='bbox 1379 2240 1595 2335; x_wconf 84' lang='lat' dir='ltr'>obtinendi,</span> 
     </span>
     <span class='ocr_line' id='line_1_15' title="bbox 428 2365 1593 2473; baseline 0 -29"><span class='ocrx_word' id='word_1_94' title='bbox 428 2395 448 2445; x_wconf 94' lang='lat'>«</span> <span class='ocrx_word' id='word_1_95' title='bbox 478 2377 515 2446; x_wconf 90' lang='lat' dir='ltr'>et</span> <span class='ocrx_word' id='word_1_96' title='bbox 543 2367 773 2473; x_wconf 87' lang='lat' dir='ltr'>possidendi</span> <span class='ocrx_word' id='word_1_97' title='bbox 801 2369 956 2447; x_wconf 87' lang='lat' dir='ltr'>Census</span> <span class='ocrx_word' id='word_1_98' title='bbox 985 2373 1212 2472; x_wconf 73' lang='lat' dir='ltr'>perpetuos</span> <span class='ocrx_word' id='word_1_99' title='bbox 1242 2373 1279 2444; x_wconf 90' lang='lat' dir='ltr'>et</span> <span class='ocrx_word' id='word_1_100' title='bbox 1298 2365 1405 2444; x_wconf 87' lang='lat' dir='ltr'>bona</span> <span class='ocrx_word' id='word_1_101' title='bbox 1425 2365 1593 2463; x_wconf 88' lang='lat' dir='ltr'>stabilia,</span> 
     </span>
     <span class='ocr_line' id='line_1_16' title="bbox 426 2489 1596 2598; baseline 0.002 -30"><span class='ocrx_word' id='word_1_102' title='bbox 426 2521 445 2568; x_wconf 94' lang='lat'>«</span> <span class='ocrx_word' id='word_1_103' title='bbox 474 2518 596 2598; x_wconf 87' lang='lat' dir='ltr'>posse</span> <span class='ocrx_word' id='word_1_104' title='bbox 625 2501 757 2572; x_wconf 89' lang='lat' dir='ltr'>tamon</span> <span class='ocrx_word' id='word_1_105' title='bbox 784 2517 856 2597; x_wconf 91' lang='lat' dir='ltr'>per</span> <span class='ocrx_word' id='word_1_106' title='bbox 883 2491 990 2570; x_wconf 84' lang='lat' dir='ltr'>viam</span> <span class='ocrx_word' id='word_1_107' title='bbox 1018 2517 1153 2596; x_wconf 87' lang='lat' dir='ltr'>purae,</span> <span class='ocrx_word' id='word_1_108' title='bbox 1192 2497 1229 2569; x_wconf 92' lang='lat' dir='ltr'>et</span> <span class='ocrx_word' id='word_1_109' title='bbox 1257 2489 1448 2595; x_wconf 90' lang='lat' dir='ltr'>simplicis</span> <span class='ocrx_word' id='word_1_110' title='bbox 1486 2490 1596 2570; x_wconf 87' lang='lat' dir='ltr'>Elee-</span> 
     </span>
     <span class='ocr_line' id='line_1_17' title="bbox 424 2613 1597 2722; baseline 0.002 -29"><span class='ocrx_word' id='word_1_111' title='bbox 424 2646 444 2693; x_wconf 92' lang='lat'>«</span> <span class='ocrx_word' id='word_1_112' title='bbox 473 2641 670 2722; x_wconf 82' lang='lat' dir='ltr'>mosynae</span> <span class='ocrx_word' id='word_1_113' title='bbox 698 2615 875 2721; x_wconf 87' lang='lat' dir='ltr'>recipere</span> <span class='ocrx_word' id='word_1_114' title='bbox 904 2613 1482 2721; x_wconf 84' lang='lat' dir='ltr'>quidquidabExecutoribus</span> <span class='ocrx_word' id='word_1_115' title='bbox 1510 2616 1597 2696; x_wconf 87' lang='lat' dir='ltr'>ulti-</span> 
     </span>
     <span class='ocr_line' id='line_1_18' title="bbox 423 2737 1595 2844; baseline 0.003 -28"><span class='ocrx_word' id='word_1_116' title='bbox 423 2770 442 2817; x_wconf 89' lang='lat'>«</span> <span class='ocrx_word' id='word_1_117' title='bbox 473 2767 635 2820; x_wconf 89' lang='lat' dir='ltr'>marum</span> <span class='ocrx_word' id='word_1_118' title='bbox 664 2739 909 2818; x_wconf 87' lang='lat' dir='ltr'>voluntatem</span> <span class='ocrx_word' id='word_1_119' title='bbox 937 2738 994 2817; x_wconf 86' lang='lat' dir='ltr'>eis</span> <span class='ocrx_word' id='word_1_120' title='bbox 1023 2737 1189 2816; x_wconf 86' lang='lat' dir='ltr'>traditur</span> <span class='ocrx_word' id='word_1_121' title='bbox 1216 2762 1289 2844; x_wconf 91' lang='lat' dir='ltr'>pro</span> <span class='ocrx_word' id='word_1_122' title='bbox 1328 2737 1595 2819; x_wconf 82' lang='lat' dir='ltr'>celebratione</span> 
     </span>
     <span class='ocr_line' id='line_1_19' title="bbox 424 2860 1595 2968; baseline 0 -28"><span class='ocrx_word' id='word_1_123' title='bbox 424 2892 444 2940; x_wconf 93' lang='lat'>«</span> <span class='ocrx_word' id='word_1_124' title='bbox 472 2864 706 2960; x_wconf 83' lang='lat' dir='ltr'>Missurum,</span> <span class='ocrx_word' id='word_1_125' title='bbox 735 2888 807 2967; x_wconf 90' lang='lat' dir='ltr'>pro</span> <span class='ocrx_word' id='word_1_126' title='bbox 828 2868 1064 2941; x_wconf 86' lang='lat' dir='ltr'>ornamento</span> <span class='ocrx_word' id='word_1_127' title='bbox 1093 2860 1308 2957; x_wconf 87' lang='lat' dir='ltr'>Ecclesiae,</span> <span class='ocrx_word' id='word_1_128' title='bbox 1330 2861 1496 2968; x_wconf 88' lang='lat' dir='ltr'>aliisque</span> <span class='ocrx_word' id='word_1_129' title='bbox 1524 2889 1595 2940; x_wconf 89' lang='lat' dir='ltr'>ne-</span> 
     </span>
     <span class='ocr_line' id='line_1_20' title="bbox 424 2984 1595 3092; baseline -0.001 -26"><span class='ocrx_word' id='word_1_130' title='bbox 424 3019 444 3066; x_wconf 93' lang='lat'>«</span> <span class='ocrx_word' id='word_1_131' title='bbox 473 2987 659 3066; x_wconf 85' lang='lat' dir='ltr'>cessariis</span> <span class='ocrx_word' id='word_1_132' title='bbox 678 2986 941 3092; x_wconf 86' lang='lat' dir='ltr'>procurandis</span> <span class='ocrx_word' id='word_1_133' title='bbox 951 2986 1066 3092; x_wconf 87' lang='lat' dir='ltr'>juxta</span> <span class='ocrx_word' id='word_1_134' title='bbox 1081 2984 1314 3064; x_wconf 88' lang='lat' dir='ltr'>Doctrinam</span> <span class='ocrx_word' id='word_1_135' title='bbox 1331 2986 1430 3066; x_wconf 76' lang='lat' dir='ltr'>Dici</span> <span class='ocrx_word' id='word_1_136' title='bbox 1458 2987 1595 3066; x_wconf 85' lang='lat' dir='ltr'>Bona-</span> 
     </span>
     <span class='ocr_line' id='line_1_21' title="bbox 423 3109 1591 3207; baseline 0 -17"><span class='ocrx_word' id='word_1_137' title='bbox 423 3140 444 3190; x_wconf 95' lang='lat'>«</span> <span class='ocrx_word' id='word_1_138' title='bbox 473 3109 888 3190; x_wconf 84' lang='lat' dir='ltr'>centnraerelatamin</span> <span class='ocrx_word' id='word_1_139' title='bbox 903 3109 1238 3190; x_wconf 85' lang='lat' dir='ltr'>ConstitutioneS.</span> <span class='ocrx_word' id='word_1_140' title='bbox 1251 3111 1307 3188; x_wconf 92' lang='lat' dir='ltr'>M.</span> <span class='ocrx_word' id='word_1_141' title='bbox 1321 3109 1474 3191; x_wconf 89' lang='lat' dir='ltr'>Urbani</span> <span class='ocrx_word' id='word_1_142' title='bbox 1487 3112 1591 3207; x_wconf 90' lang='lat' dir='ltr'>Vlll,</span> 
     </span>
     <span class='ocr_line' id='line_1_22' title="bbox 422 3234 1591 3340; baseline 0.002 -26"><span class='ocrx_word' id='word_1_143' title='bbox 422 3267 443 3314; x_wconf 91' lang='lat'>«</span> <span class='ocrx_word' id='word_1_144' title='bbox 472 3234 653 3340; x_wconf 89' lang='lat' dir='ltr'>incipien.</span> <span class='ocrx_word' id='word_1_145' title='bbox 683 3234 998 3314; x_wconf 82' lang='lat' dir='ltr'>Sacrosanctam</span> <span class='ocrx_word' id='word_1_146' title='bbox 1013 3235 1278 3340; x_wconf 83' lang='lat' dir='ltr'>Apostolatas</span> <span class='ocrx_word' id='word_1_147' title='bbox 1307 3234 1591 3316; x_wconf 89' lang='lat' dir='ltr'>Ministerium.</span> 
     </span>
     <span class='ocr_line' id='line_1_23' title="bbox 422 3357 1592 3466; baseline 0.002 -28"><span class='ocrx_word' id='word_1_148' title='bbox 422 3365 611 3466; x_wconf 81' lang='lat' dir='ltr'>«Atque</span> <span class='ocrx_word' id='word_1_149' title='bbox 645 3359 686 3438; x_wconf 94' lang='lat' dir='ltr'>in</span> <span class='ocrx_word' id='word_1_150' title='bbox 732 3357 917 3464; x_wconf 85' lang='lat' dir='ltr'>praefatis</span> <span class='ocrx_word' id='word_1_151' title='bbox 964 3357 1126 3436; x_wconf 87' lang='lat' dir='ltr'>casibus</span> <span class='ocrx_word' id='word_1_152' title='bbox 1172 3357 1299 3438; x_wconf 88' lang='lat' dir='ltr'>dictos</span> <span class='ocrx_word' id='word_1_153' title='bbox 1341 3361 1592 3441; x_wconf 89' lang='lat' dir='ltr'>Executores</span> 
     </span>
     <span class='ocr_line' id='line_1_24' title="bbox 422 3482 1594 3591; baseline 0.003 -30"><span class='ocrx_word' id='word_1_154' title='bbox 422 3484 700 3564; x_wconf 89' lang='lat' dir='ltr'>«ultimarum</span> <span class='ocrx_word' id='word_1_155' title='bbox 728 3482 978 3563; x_wconf 88' lang='lat' dir='ltr'>voluntatum</span> <span class='ocrx_word' id='word_1_156' title='bbox 1007 3509 1149 3561; x_wconf 90' lang='lat' dir='ltr'>curare</span> <span class='ocrx_word' id='word_1_157' title='bbox 1177 3482 1334 3582; x_wconf 89' lang='lat' dir='ltr'>debere,</span> <span class='ocrx_word' id='word_1_158' title='bbox 1373 3492 1417 3562; x_wconf 95' lang='lat' dir='ltr'>ut</span> <span class='ocrx_word' id='word_1_159' title='bbox 1458 3485 1594 3591; x_wconf 83' lang='lat' dir='ltr'>bajas-</span> 
     </span>
     <span class='ocr_line' id='line_1_25' title="bbox 422 3607 1592 3714; baseline 0.002 -28"><span class='ocrx_word' id='word_1_160' title='bbox 422 3639 442 3686; x_wconf 94' lang='lat'>«</span> <span class='ocrx_word' id='word_1_161' title='bbox 470 3609 578 3688; x_wconf 81' lang='lat' dir='ltr'>modi</span> <span class='ocrx_word' id='word_1_162' title='bbox 620 3607 900 3714; x_wconf 86' lang='lat' dir='ltr'>dispositiones</span> <span class='ocrx_word' id='word_1_163' title='bbox 947 3607 1263 3713; x_wconf 88' lang='lat' dir='ltr'>adimpleantur,</span> <span class='ocrx_word' id='word_1_164' title='bbox 1311 3635 1361 3687; x_wconf 86' lang='lat' dir='ltr'>no</span> <span class='ocrx_word' id='word_1_165' title='bbox 1407 3610 1592 3688; x_wconf 88' lang='lat' dir='ltr'>Testato-</span> 
     </span>
     <span class='ocr_line' id='line_1_26' title="bbox 421 3731 1592 3835; baseline 0.001 -23"><span class='ocrx_word' id='word_1_166' title='bbox 421 3765 442 3812; x_wconf 92' lang='lat'>«</span> <span class='ocrx_word' id='word_1_167' title='bbox 469 3760 561 3812; x_wconf 89' lang='lat' dir='ltr'>rum</span> <span class='ocrx_word' id='word_1_168' title='bbox 589 3732 745 3811; x_wconf 87' lang='lat' dir='ltr'>animae</span> <span class='ocrx_word' id='word_1_169' title='bbox 773 3731 915 3811; x_wconf 89' lang='lat' dir='ltr'>debitis</span> <span class='ocrx_word' id='word_1_170' title='bbox 943 3732 1146 3835; x_wconf 72' lang='lat' dir='ltr'>suffragiis</span> <span class='ocrx_word' id='word_1_171' title='bbox 1174 3733 1430 3812; x_wconf 87' lang='lat' dir='ltr'>defraudatae</span> <span class='ocrx_word' id='word_1_172' title='bbox 1464 3761 1592 3814; x_wconf 89' lang='lat' dir='ltr'>rema-</span> 
     </span>
     <span class='ocr_line' id='line_1_27' title="bbox 422 3856 1592 3964; baseline 0.005 -32"><span class='ocrx_word' id='word_1_173' title='bbox 422 3886 442 3933; x_wconf 92' lang='lat'>«</span> <span class='ocrx_word' id='word_1_174' title='bbox 471 3865 614 3956; x_wconf 89' lang='lat' dir='ltr'>neant;</span> <span class='ocrx_word' id='word_1_175' title='bbox 662 3883 784 3964; x_wconf 89' lang='lat' dir='ltr'>quam</span> <span class='ocrx_word' id='word_1_176' title='bbox 825 3856 987 3962; x_wconf 91' lang='lat' dir='ltr'>quidem</span> <span class='ocrx_word' id='word_1_177' title='bbox 1033 3856 1363 3953; x_wconf 88' lang='lat' dir='ltr'>declarationem,</span> <span class='ocrx_word' id='word_1_178' title='bbox 1406 3857 1592 3964; x_wconf 88' lang='lat' dir='ltr'>illiusque</span> 
     </span>
     <span class='ocr_line' id='line_1_28' title="bbox 420 3979 1591 4088; baseline 0.002 -29"><span class='ocrx_word' id='word_1_179' title='bbox 420 4013 440 4059; x_wconf 93' lang='lat'>«</span> <span class='ocrx_word' id='word_1_180' title='bbox 468 3989 648 4060; x_wconf 88' lang='lat' dir='ltr'>tenorem</span> <span class='ocrx_word' id='word_1_181' title='bbox 677 3979 717 4059; x_wconf 94' lang='lat' dir='ltr'>in</span> <span class='ocrx_word' id='word_1_182' title='bbox 745 4007 854 4077; x_wconf 88' lang='lat' dir='ltr'>casu,</span> <span class='ocrx_word' id='word_1_183' title='bbox 885 3980 934 4060; x_wconf 87' lang='lat' dir='ltr'>de</span> <span class='ocrx_word' id='word_1_184' title='bbox 961 4007 1041 4088; x_wconf 91' lang='lat' dir='ltr'>quo</span> <span class='ocrx_word' id='word_1_185' title='bbox 1071 3981 1212 4084; x_wconf 81' lang='lat' dir='ltr'>agitur,</span> <span class='ocrx_word' id='word_1_186' title='bbox 1242 3981 1383 4060; x_wconf 88' lang='lat' dir='ltr'>eadem</span> <span class='ocrx_word' id='word_1_187' title='bbox 1416 3983 1457 4063; x_wconf 89' lang='lat' dir='ltr'>S.</span> <span class='ocrx_word' id='word_1_188' title='bbox 1488 3985 1591 4062; x_wconf 87' lang='lat' dir='ltr'>Con-</span> 
     </span>
     <span class='ocr_line' id='line_1_29' title="bbox 419 4104 1591 4212; baseline 0.005 -31"><span class='ocrx_word' id='word_1_189' title='bbox 419 4133 439 4181; x_wconf 94' lang='lat'>«</span> <span class='ocrx_word' id='word_1_190' title='bbox 470 4104 647 4209; x_wconf 82' lang='lat' dir='ltr'>gregatio</span> <span class='ocrx_word' id='word_1_191' title='bbox 663 4105 813 4184; x_wconf 84' lang='lat' dir='ltr'>servari</span> <span class='ocrx_word' id='word_1_192' title='bbox 833 4105 1053 4211; x_wconf 87' lang='lat' dir='ltr'>praecepit:</span> <span class='ocrx_word' id='word_1_193' title='bbox 1073 4105 1367 4186; x_wconf 90' lang='lat' dir='ltr'>Committendo</span> <span class='ocrx_word' id='word_1_194' title='bbox 1387 4106 1591 4212; x_wconf 86' lang='lat' dir='ltr'>Episcopo</span> 
     </span>
     <span class='ocr_line' id='line_1_30' title="bbox 420 4225 1591 4328; baseline 0.003 -22"><span class='ocrx_word' id='word_1_195' title='bbox 420 4225 522 4308; x_wconf 88' lang='lat' dir='ltr'>«N.</span> <span class='ocrx_word' id='word_1_196' title='bbox 562 4240 603 4309; x_wconf 91' lang='lat' dir='ltr'>ut</span> <span class='ocrx_word' id='word_1_197' title='bbox 630 4229 734 4308; x_wconf 88' lang='lat' dir='ltr'>veris</span> <span class='ocrx_word' id='word_1_198' title='bbox 776 4228 1036 4309; x_wconf 85' lang='lat' dir='ltr'>existentibus</span> <span class='ocrx_word' id='word_1_199' title='bbox 1078 4232 1260 4328; x_wconf 87' lang='lat' dir='ltr'>narratis,</span> <span class='ocrx_word' id='word_1_200' title='bbox 1304 4238 1341 4309; x_wconf 88' lang='lat' dir='ltr'>et</span> <span class='ocrx_word' id='word_1_201' title='bbox 1370 4231 1591 4311; x_wconf 87' lang='lat' dir='ltr'>dummodo</span> 
     </span>
     <span class='ocr_line' id='line_1_31' title="bbox 419 4353 1591 4460; baseline 0.007 -32"><span class='ocrx_word' id='word_1_202' title='bbox 419 4384 438 4429; x_wconf 91' lang='lat'>«</span> <span class='ocrx_word' id='word_1_203' title='bbox 469 4362 581 4433; x_wconf 88' lang='lat' dir='ltr'>actus</span> <span class='ocrx_word' id='word_1_204' title='bbox 609 4379 680 4459; x_wconf 92' lang='lat' dir='ltr'>per</span> <span class='ocrx_word' id='word_1_205' title='bbox 707 4379 854 4432; x_wconf 90' lang='lat' dir='ltr'>manus</span> <span class='ocrx_word' id='word_1_206' title='bbox 897 4354 1059 4459; x_wconf 81' lang='lat' dir='ltr'>Syndici</span> <span class='ocrx_word' id='word_1_207' title='bbox 1089 4353 1319 4460; x_wconf 88' lang='lat' dir='ltr'>Apostolici‚</span> <span class='ocrx_word' id='word_1_208' title='bbox 1349 4363 1387 4434; x_wconf 89' lang='lat' dir='ltr'>et</span> <span class='ocrx_word' id='word_1_209' title='bbox 1425 4355 1591 4436; x_wconf 87' lang='lat' dir='ltr'>nomine</span> 
     </span>
     <span class='ocr_line' id='line_1_32' title="bbox 419 4477 1590 4584; baseline 0.003 -28"><span class='ocrx_word' id='word_1_210' title='bbox 419 4480 508 4559; x_wconf 88' lang='lat' dir='ltr'>«S.</span> <span class='ocrx_word' id='word_1_211' title='bbox 537 4477 651 4558; x_wconf 88' lang='lat' dir='ltr'>Sedis</span> <span class='ocrx_word' id='word_1_212' title='bbox 679 4478 787 4575; x_wconf 88' lang='lat' dir='ltr'>fiant,</span> <span class='ocrx_word' id='word_1_213' title='bbox 817 4479 980 4584; x_wconf 89' lang='lat' dir='ltr'>petitam</span> <span class='ocrx_word' id='word_1_214' title='bbox 1007 4479 1245 4578; x_wconf 87' lang='lat' dir='ltr'>facultatem,</span> <span class='ocrx_word' id='word_1_215' title='bbox 1274 4479 1315 4558; x_wconf 92' lang='lat' dir='ltr'>in</span> <span class='ocrx_word' id='word_1_216' title='bbox 1356 4479 1590 4560; x_wconf 88' lang='lat' dir='ltr'>Testatricis</span> 
     </span>
    </p>
   </div>
   <div class='ocr_carea' id='block_1_3' title="bbox 0 0 1780 5434">
    <p class='ocr_par' dir='ltr' id='par_1_4' title="bbox 0 0 1780 5434">
     <span class='ocr_line' id='line_1_33' title="bbox 0 0 1780 5434; baseline 0 3"><span class='ocrx_word' id='word_1_217' title='bbox 0 0 1780 5434; x_wconf 95' lang='lat' dir='ltr'> </span> 
     </span>
    </p>
   </div>
  </div>
 </body>
</html>
