3550 5434
822 1134 938 1200 (larue
963 1133 1132 1212 Quinam

559 1341 612 1403 De
632 1343 930 1404 transeuntibus
950 1343 997 1404 ad
1017 1344 1132 1404 aliem
1163 1343 1398 1416 Renqionem

855 1521 1099 1579 -oao-

910 1794 944 1898 a·
979 1793 1044 1870 o

469 2021 659 2101 Transire
688 2023 736 2102 ad
766 2022 886 2102 uliam
916 2023 1166 2130 Religionem
1194 2021 1299 2100 idem
1329 2026 1387 2098 est
1420 2046 1467 2098 ee
1504 2019 1567 2099 de

390 2172 523 2224 serere
551 2146 646 2225 illud
676 2147 916 2248 lnstitntnm‚
946 2147 1010 2227 eui
1030 2146 1260 2250 Religiosus
1277 2172 1320 2224 se
1340 2146 1565 2242 devoverat,

389 2270 584 2376 cujusque
612 2271 773 2374 regulas
801 2280 1035 2352 servaturus
1059 2298 1104 2350 se
1128 2278 1318 2377 perpetuo
1343 2269 1568 2376 juraverat3

390 2402 428 2474 et
454 2420 608 2473 novum
635 2395 830 2502 amplecti.

470 2518 576 2598 Hine
603 2519 815 2625 disputatio
844 2546 968 2626 quam
996 2528 1235 2626 pertractare
1276 2544 1388 2597 nuno
1429 2542 1566 2620 aggre

390 2642 535 2738 dimur,
565 2643 663 2722 dum
691 2643 899 2724 exhibetur
927 2644 1057 2750 prima
1094 2644 1222 2723 fronte
1263 2641 1376 2741 facili,
1407 2648 1444 2720 et
1482 2665 1568 2719 eur-

390 2766 489 2845 renti
509 2767 664 2846 calamo
693 2767 982 2864 exhaurienda3
1012 2768 1270 2848 nihilominus
1294 2792 1435 2846 revera
1472 2763 1568 2843 sale

391 2891 511 2970 brosa
538 2917 634 2997 prae
662 2892 813 2991 eeteriS,
844 2899 881 2971 et
908 2893 1120 2998 eomplexa
1148 2891 1315 2971 videtur.

470 3013 661 3118 Religiosi
690 3042 788 3094 sane
814 3015 983 3095 transire
1002 3023 1199 3095 conantur
1217 3015 1279 3094 vel
1299 3017 1349 3094 ad
1373 3013 1567 3107 Ordinem

390 3139 604 3216 strictiore
632 3140 936 3218 observantiae:
979 3147 1046 3219 ant
1083 3139 1257 3245 ejusdem
1294 3137 1569 3218 observantiae

392 3308 443 3320 -
471 3261 533 3340 vel
570 3263 620 3342 ad
649 3263 842 3343 Ordinem
875 3262 1157 3344 observantiae
1194 3263 1399 3344 Lambris
1427 3307 1478 3320 —
1509 3260 1569 3340 vel

392 3385 562 3491 denique
598 3387 647 3466 ad
691 3388 884 3468 Ordinem
927 3387 1103 3491 ejusdem
1144 3389 1338 3490 oriyinis:
1383 3385 1567 3493 quamvis

391 3536 472 3590 non
500 3510 729 3590 identieum.

472 3635 577 3714 Cum
620 3660 714 3714 vero
757 3637 1075 3741 unumquodque
1111 3637 1344 3715 Institutione
1379 3634 1564 3716 conditio-

392 3758 509 3837 nibus
537 3758 656 3838 variis
686 3759 735 3837 ab
763 3759 900 3854 altero,
931 3761 1157 3839 comitetur:
1188 3759 1278 3838 hine
1296 3759 1568 3840 necessarium

392 3891 462 3982 est,
492 3888 535 3961 ut
563 3884 612 3963 de
639 3881 765 3962 tribus
793 3884 939 3962 notatis
967 3883 1185 3990 speciebua
1228 3910 1305 3964 nos
1342 3885 1570 3990 singulatim

393 4006 651 4112 disputemus.
682 4008 800 4103 Quod
828 4008 930 4086 illieo
960 4009 1129 4113 agimua
1159 4018 1196 4088 et
1214 4009 1400 4090 libenter:
1421 4007 1567 4114 aliquid

392 4151 534 4231 deinde
562 4152 752 4232 addentes
780 4153 831 4231 de
858 4153 1187 4258 Confugientibus
1215 4154 1264 4232 ad
1303 4152 1400 4232 alias
1436 4152 1571 4256 Regu·

391 4275 537 4355 larium
564 4277 807 4382 ReligioneS.

471 4400 545 4479 Act
562 4401 754 4507 primam.
