3550 5434
833 1103 948 1170 (tneor
978 1103 1158 1182 Quaerunt.

788 1335 842 1395 De
867 1335 965 1396 Voto
990 1333 1190 1395 castitatis

875 1529 1116 1585 *Μ-

928 1745 963 1848 ἓ·
995 1745 1061 1824 1·““

585 1992 633 2069 In
662 2016 737 2097 quo
773 1993 966 2072 consistat
999 1991 1148 2071 Votum
1181 1990 1406 2071 Costitntis.

488 2239 639 2318 Votum
667 2237 863 2317 Castitatis
891 2263 973 2315 nou
1000 2244 1154 2316 tantum
1173 2236 1213 2314 in
1242 2263 1290 2316 eo
1311 2236 1487 2342 positum
1507 2247 1581 2334 est,

408 2371 450 2442 ut
478 2362 701 2468 Regulares
720 2360 891 2443 domitus
906 2359 1079 2440 habeant
1096 2360 1329 2442 inhonestas
1349 2361 1582 2466 passiones;

408 2489 513 2594 quod
555 2485 788 2567 Christianis
832 2485 1019 2565 omnibus
1063 2512 1279 2565 commuue
1316 2493 1397 2581 est3
1439 2511 1581 2565 verum

349 2719 353 2726 Ι
407 2612 526 2692 etiam
553 2620 595 2691 ut
623 2639 667 2690 se
695 2639 723 2689 o
751 2611 903 2718 nuptiis
932 2610 1167 2689 abstineant.

487 2736 679 2840 Religiosi
707 2761 805 2814 sane
832 2737 919 2814 Deo
947 2733 1168 2840 specialiter
1195 2733 1309 2814 dicati
1340 2734 1473 2813 omnia
1498 2735 1583 2840 reji-

408 2888 497 2940 cere
524 2860 666 2940 debent
703 2887 805 2966 quae
832 2860 1159 2965 impedimentum
1199 2857 1372 2937 excitare
1413 2858 1580 2963 possint,

406 2993 449 3063 ut
475 2983 663 3063 institutio
692 3009 833 3063 eorum
862 2990 899 3062 et
926 2983 1104 3061 officium
1130 2982 1265 3062 minus
1294 2982 1435 3062 scdulo
1460 2983 1583 3062 adim-

407 3109 571 3215 plentur.

487 3232 709 3338 Unicuique
737 3231 843 3311 enim
871 3238 1010 3310 uotum
1039 3238 1098 3309 est
1127 3229 1391 3336 quantae'sint
1409 3231 1582 3312 familiae

324 3413 328 3420 ·
407 3359 699 3457 sollicitudines,
729 3385 831 3464 quae
859 3358 943 3437 sive
972 3357 1151 3463 corporis
1180 3357 1265 3436 sive
1293 3357 1438 3437 mentis
1476 3360 1582 3464 puri-

407 3494 525 3565 tatem
554 3484 850 3588 Religiosorum
881 3511 904 3562 a
932 3482 1064 3563 divina
1103 3481 1457 3587 Contemplatione,
1487 3483 1583 3563 divi-

406 3636 629 3715 norumque
658 3607 941 3712 mysteriorum
969 3607 1222 3686 meditatione
1265 3606 1485 3686 distrahere
1514 3635 1580 3688 va-

407 3735 521 3813 leant.

455 3883 458 3892 ·
486 3856 639 3952 Quibus
667 3857 887 3960 generatim
917 3855 1191 3952 consideratis,
1208 3854 1420 3935 videndum
1445 3863 1579 3937 utrum

408 3991 543 4061 votum
570 3981 769 4061 Custitutis
789 3981 893 4059 idem
910 3981 959 4058 sit
976 3980 1013 4059 in
1028 3981 1228 4084 Professo
1242 3981 1421 4087 simplici,
1438 3982 1579 4061 eodem

407 4106 528 4185 modo
557 4132 636 4211 quo
666 4104 704 4183 in
733 4104 917 4184 Solemni.

486 4229 847 4309 praetermittentes
882 4229 970 4307 illas
998 4230 1262 4334 quaestiones
1301 4255 1404 4334 quae
1432 4252 1578 4333 propo-

408 4354 525 4433 situm
555 4362 736 4431 nostrum
764 4379 845 4432 non
875 4353 1081 4457 attingunt,
1102 4352 1204 4431 illico
1225 4351 1579 4432 animadvertimus

408 4475 620 4583 antiquitus
631 4503 753 4582 grave
768 4477 890 4557 fuisse
906 4477 1118 4558 discrimen
1132 4476 1233 4556 inter
1247 4484 1375 4555 uotum
1391 4475 1576 4584 sirnptcor,
