3550 5434
889 531 1050 586 -102-

460 710 579 789 Nunc
609 709 886 815 quaerendum
916 718 976 788 est
1004 716 1140 788 utrum
1160 709 1385 815 praedictus
1414 708 1563 815 proba-

380 835 499 919 tionis
527 862 669 934 cnnus,
698 833 761 914 vel
794 835 894 912 6661
924 832 1080 940 possint
1117 834 1359 940 quandoque
1400 833 1562 940 dispen-

383 961 499 1042 sarit

458 1084 645 1166 Primum
673 1084 908 1181 notandum,
934 1082 974 1161 in
1002 1081 1079 1161 illis
1100 1081 1331 1182 Ordinibus,
1352 1081 1392 1161 in
1413 1081 1563 1189 quibus

379 1208 458 1288 duo
487 1201 583 1289 sunt
611 1210 709 1286 6661
724 1207 964 1306 Ν661116166,
981 1236 1198 1314 numquam
1217 1206 1440 1314 dispensari
1459 1206 1563 1287 solet

380 1361 510 1412 onnus
540 1333 767 1431 6616661666,
797 1331 869 1411 sed
897 1339 1065 1432 tantum,
1095 1359 1148 1411 ex
1175 1331 1398 1413 rationabili
1423 1358 1559 1429 causa,

381 1457 590 1536 remittitur
633 1455 832 1562 quaedam
866 1459 1101 1564 personui
1144 1456 1483 1555 Constitutionum,
1522 1465 1562 1536 et

382 1581 613 1688 hujusmodi
655 1580 892 1688 dispemctio
921 1581 982 1661 fit:
1029 1611 1049 1658 a
1079 1609 1125 1661 66
1167 1608 1361 1687 expressa
1390 1581 1488 1686 lege,
1517 1591 1562 1660 ut

385 1734 406 1786 ‹<
436 1705 620 1786 Novitius
662 1705 830 1786 servatis
874 1714 1077 1785 coeterum
1119 1706 1169 1785 de
1205 1707 1295 1812 jure
1337 1705 1559 1804 servandis,

388 1858 409 1910 «
437 1829 476 1910 in
506 1837 595 1909 actu
638 1829 839 1910 emittendi
880 1831 1082 1910 Votorum
1123 1829 1374 1936 Simplicium
1407 1830 1563 1935 protes-

387 1984 409 2032 «
438 1954 606 2051 sionem,
635 1955 684 2034 de
712 1955 911 2060 praesenti
940 1954 1091 2033 indulto
1111 1981 1157 2034 se
1176 1955 1232 2034 uti
1261 1954 1361 2034 velle
1388 1954 1475 2060 ipse
1494 1953 1564 2033 de·

390 2107 411 2157 «
441 2079 562 2159 claret
589 2104 688 2157 voce
717 2086 754 2157 61
782 2077 940 2183 scriptis
971 2108 1014 2189 »3

464 2201 567 2298 Quid
596 2200 630 2280 si
660 2208 801 2304 agatur
829 2203 878 2282 de
907 2201 1126 2282 Ordinibus
1155 2201 1193 2281 in
1230 2200 1378 2307 quibus
1405 2208 1561 2282 tantum

386 2353 515 2406 annus
548 2325 782 2405 Conciliaris
810 2325 1012 2406 habetur?

438 2452 554 2530 Tunc
572 2448 742 2530 difficilis
762 2458 822 2529 est
840 2450 1097 2557 dispensatio:
1118 2459 1156 2530 61
1174 2451 1208 2530 si
1224 2451 1387 2557 quando
1399 2460 1562 2558 propter

384 2575 604 2683 peculiares
632 2575 953 2655 circumstantias
986 2576 1037 2655 ad
1079 2575 1420 2682 dispensationem
1448 2578 1562 2657 deve-

382 2700 500 2798 nitur,
530 2701 629 2779 ratio
670 2699 817 2804 gravis,
847 2700 1067 2781 necessitas
1109 2699 1331 2807 impellens
1361 2710 1399 2782 et
1427 2701 1562 2782 Eccle-

384 2827 467 2906 siae
496 2825 641 2905 utilitas
670 2851 911 2905 concurrere
939 2826 1095 2906 debent.

463 2950 709 3056 Plerumque
729 2948 966 3055 Superiores
990 2977 1013 3028 a
1032 2950 1135 3030 Sede
1163 2950 1399 3056 Apostolica
1413 2950 1561 3030 instan-

382 3083 442 3155 ter
471 3083 608 3181 petunt
643 3074 984 3179 dispensationem
1021 3102 1045 3154 a
1081 3082 1193 3182 parte
1231 3075 1456 3156 Novitiatus
1485 3103 1557 3183 pro

383 3198 557 3297 Aduttzls,
588 3197 654 3305 qui
678 3199 764 3304 jam
791 3199 967 3305 provecti
996 3199 1227 3280 Claustrum
1251 3191 1424 3304 ingressi
1453 3212 1558 3300 sunt,

385 3323 624 3404 deducentes
652 3322 886 3428 praesertim
916 3349 1056 3402 eorum
1086 3332 1269 3404 66161661.

464 3448 543 3529 Sed
571 3449 612 3528 S.
632 3448 897 3553 Congregatio
917 3447 1161 3555 experientia
1179 3458 1302 3546 mota,
1332 3449 1478 3529 resistit
1497 3448 1559 3529 bis

384 3571 584 3678 precibus,
612 3571 782 3675 gratiam
811 3573 1038 3674 denegans3
1068 3572 1254 3679 quiapro
1282 3573 1560 3653 1166111666-

385 3696 447 3801 gis
475 3695 685 3802 magisque
727 3703 787 3775 est
828 3697 1009 3802 probatio
1051 3697 1288 3804 requirenda
1330 3724 1452 3805 quam
1486 3724 1558 3803 pro

386 3819 733 3918 Adulescentibus,
755 3827 792 3900 et
811 3846 936 3899 causa
964 3820 1128 3902 evidens
1147 3830 1219 3930 est.
1241 3821 1447 3928 Siquidem
1468 3822 1561 3902 edu-

385 3945 487 4025 catio
515 3953 552 4024 et
580 3943 770 4025 habitudo
798 3944 837 4023 in
867 3944 1030 4024 homine
1068 3945 1235 4026 alteram
1277 3948 1461 4027 efformet
1489 3973 1561 4026 na-

384 4077 529 4168 turam,
558 4095 681 4175 quam
723 4067 880 4148 difficile
916 4076 976 4148 est
1017 4068 1186 4149 totaliter
1227 4071 1441 4152 immutare
1469 4079 1561 4178 post

384 4193 617 4273 diuturnum
644 4201 826 4299 tempus:
869 4219 943 4300 pro
972 4193 1293 4276 adolescentibus
1333 4204 1468 4277 autem
1497 4193 1559 4274 vel

385 4315 534 4423 paritas
562 4343 643 4396 non
673 4316 815 4417 obstat,
846 4317 909 4397 vel
937 4316 1073 4397 leviter
1102 4317 1244 4400 obstat.
