3550 5434
899 519 1040 573 ..44-

383 727 454 806 per
482 700 741 806 aperitionem
770 699 1041 806 quotidianam
1083 706 1267 776 motuum
1308 695 1556 775 internorum

382 825 534 924 Cordis
565 853 612 904 ao
640 825 901 905 tentationum
928 821 1300 921 manifestationem,
1321 849 1392 928 per
1412 822 1559 903 exerci-

382 949 480 1028 tium
509 949 739 1030 humilitatis
768 949 873 1030 circa
901 947 1040 1027 viliora
1068 945 1298 1042 ministeria,
1328 973 1399 1053 per
1425 947 1559 1027 mode

383 1073 501 1154 stiam.
520 1075 560 1152 in
581 1073 769 1154 omnibus
781 1072 1004 1152 actionibus
1014 1071 1326 1177 diuturnumque
1345 1071 1556 1152 silentium.

462 1197 634 1293 Quilibet
662 1193 845 1278 Novitius
874 1197 937 1276 bis
966 1194 1141 1302 quotidie
1170 1195 1352 1276 Orationi
1381 1196 1557 1293 Mentali,

384 1330 421 1400 et
462 1322 603 1401 Vocali
644 1321 860 1419 incumbat,
889 1322 1169 1427 unusquisque
1210 1322 1434 1400 secundum
1471 1347 1560 1429 pro

383 1445 512 1552 priam
552 1447 822 1553 capacitatem,
866 1455 904 1526 et
945 1446 1128 1526 ordinem
1175 1443 1250 1525 sibi
1293 1472 1316 1525 a
1360 1447 1556 1549 Magistro

384 1571 686 1676 praescriptum,
703 1571 852 1677 pluries
881 1570 922 1649 in
949 1570 1012 1650 die
1040 1571 1245 1676 propriam
1263 1569 1559 1650 Conscientiam

384 1694 662 1801 unusquisque
690 1695 923 1775 examinare
951 1693 1174 1775 contendat.
1205 1695 1285 1800 Ipsi
1313 1705 1446 1776 autern
1474 1698 1561 1776 Ma-

384 1819 509 1924 gistro
537 1819 611 1898 soli
640 1819 892 1900 Novitiorum
920 1820 1204 1900 Confessiones
1245 1820 1430 1901 audiendi
1462 1847 1560 1901 cura

386 1944 665 2024 committatur.
696 1945 831 2026 Liceat
859 1954 994 2026 tamen
1022 1944 1227 2050 Superiori
1262 1945 1379 2024 etiam
1409 1947 1558 2042 Loculi,

386 2068 420 2148 si
447 2068 499 2148 ita
528 2069 715 2175 expedire
751 2069 998 2176 judicaverit,
1037 2067 1099 2148 vel
1134 2096 1207 2175 per
1240 2097 1286 2149 se
1319 2069 1467 2176 ipsum,
1497 2071 1561 2151 vel

386 2218 458 2299 per
491 2193 612 2272 alium
651 2193 700 2273 ab
739 2219 787 2273 eo
825 2194 1097 2301 deputandum
1139 2194 1276 2293 semel,
1315 2203 1383 2274 aut
1420 2193 1482 2274 bis
1519 2195 1560 2274 in

385 2325 507 2396 Anno
537 2318 773 2398 eorumdem
801 2319 1053 2398 Novitiorum
1088 2318 1372 2399 Confessiones
1409 2319 1559 2417 audire;

387 2441 559 2548 quotidie
589 2444 743 2523 Missae
771 2443 975 2547 Sacrificio
1005 2443 1196 2541 intersint,
1217 2450 1255 2521 et
1274 2443 1429 2524 statutis
1450 2443 1560 2523 horis

386 2565 427 2644 in
454 2565 587 2647 Choro
617 2566 835 2662 nocturnis,
865 2567 1099 2673 diurnisque
1126 2567 1281 2647 Divinis
1310 2567 1463 2648 Officiis
1496 2595 1557 2648 as

387 2690 539 2772 sistant.

467 2817 826 2896 Exercitationibus
855 2816 974 2897 etiarn
1003 2815 1286 2922 Corporalibus
1327 2825 1481 2910 vacent,
1509 2815 1561 2895 le

388 2948 494 3043 gant,
525 2941 586 3019 vel
615 2941 791 3021 scribant
818 2969 885 3021 res
904 2941 1151 3046 SpiritualeS,
1172 2941 1399 3020 modestam
1422 2939 1560 3020 Animi

387 3064 673 3144 recreationem
702 3066 964 3172 interponant,
995 3066 1156 3171 quaein
1176 3065 1353 3144 solitario
1383 3067 1505 3162 Loco,
1522 3073 1562 3143 et

388 3189 603 3269 commodo
632 3199 745 3271 extra
772 3189 1017 3270 Novitiatum
1059 3188 1185 3269 semel
1212 3188 1252 3268 in
1294 3187 1559 3287 hebdomada,

389 3314 451 3393 vel
479 3314 518 3426 in
546 3314 707 3394 alterius
734 3314 876 3395 saltem
916 3312 1236 3394 hebdomadibus
1265 3313 1444 3418 Longior
1486 3321 1562 3392 sta·

388 3447 547 3540 tuetur,
587 3441 732 3548 fiatque
787 3467 949 3547 semper
992 3440 1187 3546 Magistro
1229 3447 1455 3547 praesente,
1498 3431 1565 3518 vei

389 3564 499 3644 socio
528 3565 594 3671 qui
622 3564 793 3645 multum
822 3565 1036 3669 invigilent,
1067 3591 1117 3644 ne
1145 3564 1225 3643 duo
1254 3563 1305 3644 ab
1335 3563 1421 3642 aliis
1450 3589 1561 3643 com-

388 3698 596 3768 morentur
623 3689 805 3788 distinoti‚
836 3699 953 3796 atque
981 3716 1030 3768 eo
1060 3698 1241 3795 tempore
1283 3688 1561 3795 unusquisque

389 3813 429 3892 in
458 3839 580 3920 quam
608 3822 751 3894 natura
779 3805 927 3894 feratur
955 3812 1268 3920 propensionem
1296 3821 1506 3893 scrutetur.

469 3938 562 4017 Non
594 3939 708 4018 liccat
736 3939 802 4037 eis,
831 3937 1005 4017 durante
1031 3938 1272 4036 Nocitr'otus,
1302 3942 1339 4016 et
1359 3939 1564 4044 probatio

390 4066 451 4143 nis
478 4075 664 4170 tompore,
695 4091 894 4142 croceum
923 4063 1143 4165 ProfessiS,
1173 4064 1250 4142 nisi
1276 4062 1315 4140 in
1347 4063 1494 4158 cnoro,
1523 4063 1564 4141 in

391 4189 577 4268 Ecclesia
603 4199 778 4295 tompore
801 4188 1050 4294 Officiorum,
1071 4188 1110 4266 iu
1133 4187 1472 4284 Processionibus‚
1492 4192 1565 4268 aut

393 4317 431 4392 in
459 4313 674 4391 coenaculo
704 4339 829 4392 causo
857 4314 1085 4418 resectionis
1106 4313 1360 4411 commorari,
1377 4339 1447 4391 noc
1468 4337 1565 4419 per-

391 4437 575 4516 mr'ttotur
602 4439 657 4516 cis
685 4436 905 4540 Professus
934 4438 1047 4516 domo
1076 4445 1265 4516 coeuntes
1293 4434 1490 4515 comitare.
