3550 5434
935 551 1097 606 -188-

427 726 572 830 dulget,
589 727 765 807 tribuens
794 728 998 808 facultates
1027 724 1274 804 necessarius
1298 731 1335 804 et
1360 734 1608 832 opportunos

429 852 474 931 P.
492 851 565 930 G.li
584 850 644 931 vel
659 851 913 949 Provinoiuli,
930 851 992 931 vel
1008 849 1233 948 Ordinuiiq
1255 851 1389 955 qui-
1411 881 1430 930 t<
1445 849 1610 956 pneeviu

433 1005 453 1050 n
484 975 731 1056 absolutione
760 976 930 1056 oratoris
946 1005 968 1056 o
984 974 1165 1055 censuris
1181 973 1470 1073 eoelesiestioiS,
1486 975 1607 1054 etiem

433 1128 452 1172 «
483 1124 555 1204 pen
581 1099 927 1205 subdelegendum
946 1096 1218 1205 impertiendo,
1249 1106 1286 1176 et
1315 1097 1610 1203 dispensatione

434 1252 453 1298 «
483 1250 605 1329 super
633 1224 931 1329 inugulnniteto,
962 1251 1013 1304 ex
1043 1223 1253 1304 violatione
1282 1222 1479 1302 dicturum
1520 1249 1612 1302 oen-

433 1376 453 1422 «
484 1373 687 1448 sumnum,
717 1348 1100 1454 quomodocumque
1128 1355 1332 1427 contrecto
1362 1393 1412 1405 -
1432 1346 1611 1452 injuncte

434 1495 453 1541 «
484 1469 518 1546 ei
547 1494 727 1571 congruo
756 1468 919 1549 salutari
949 1467 1187 1573 poenitentia
1216 1514 1267 1525 -
1297 1493 1439 1546 omnes
1481 1474 1608 1565 sotus,

434 1591 777 1696 «acquisitiones
821 1592 1025 1687 editiones,
1055 1603 1093 1671 et
1129 1591 1329 1697 pmeiutos
1365 1596 1608 1686 contractus

434 1742 455 1789 n
486 1739 613 1819 usque
641 1715 771 1795 adhuc
799 1713 1014 1795 sinevenie
1042 1715 1258 1820 apostolice
1273 1713 1390 1794 initos
1411 1761 1461 1772 —
1480 1712 1520 1792 in
1548 1740 1613 1792 ru-

435 1867 456 1916 «
485 1838 570 1918 dioe
597 1867 748 1920 sonore
776 1848 894 1946 etque
936 1838 1154 1920 nevelidere
1196 1839 1343 1918 velent:
1385 1838 1610 1919 dummodo

436 1993 455 2040 n
487 1963 716 2070 hujusmodi
745 1964 851 2044 bone
879 1991 931 2044 ex
960 1966 1170 2045 Conventu
1184 1962 1247 2043 vel
1266 1963 1410 2043 ordine
1420 1989 1501 2043 non
1520 1989 1612 2068 pno-

437 2120 456 2166 «
487 2089 676 2191 venerint,
705 2099 743 2170 et
766 2090 858 2196 jum
886 2089 997 2169 elteri
1027 2087 1206 2195 quaesite
1234 2088 1344 2169 selvo
1365 2098 1608 2168 moneant».

512 2214 616 2312 Quid
643 2214 678 2294 si
707 2213 900 2318 Religiosl
929 2220 1146 2319 antequem
1173 2211 1409 2316 religionem
1437 2212 1613 2317 ingressi

433 2346 528 2418 sunt
554 2339 603 2418 de
632 2337 718 2416 suis
745 2337 867 2416 rebus
897 2337 1213 2442 disposuerunt?
1249 2337 1366 2415 Tunc
1398 2337 1615 2416 utebantur

427 2463 517 2569 jure
544 2488 646 2558 suo;
676 2469 714 2542 et
741 2459 1022 2567 dispositiones
1051 2460 1091 2540 in
1120 2459 1275 2540 honore
1294 2459 1611 2540 essehebondus

429 2589 585 2694 justum
612 2587 778 2667 videtur.

512 2717 590 2792 Ast
617 2738 700 2791 non
740 2735 833 2789 mro
875 2710 1015 2790 eccidit
1056 2710 1163 2816 quod
1206 2709 1398 2816 Religiosi
1440 2710 1525 2788 sive
1566 2707 1611 2788 in

433 2836 615 2918 Cleustno
661 2842 972 2931 commonentes
1002 2833 1086 2914 sive
1115 2843 1227 2915 extm
1256 2834 1499 2934 Clausuum,
1537 2858 1614 2939 per

434 2959 829 3042 seeoulunizetionem
869 2967 1118 3066 perpetuum,
1162 2959 1363 3064 degentes
1407 2965 1613 3038 anteactos

435 3084 714 3192 dispositiones
755 3089 913 3162 mutere
941 3083 1167 3164 desiderent
1180 3109 1195 3176 ;
1225 3086 1323 3190 quin
1361 3083 1613 3163 conditiones

434 3238 604 3291 suorum
620 3209 892 3316 sordidorum
919 3216 1011 3288 scint
1038 3213 1230 3288 mutatae.
1262 3209 1378 3288 Tuno
1407 3208 1512 3288 sis
1542 3207 1614 3286 Se-

436 3337 529 3416 dem
558 3342 694 3442 petunt
726 3381 778 3392 ·-
807 3359 854 3411 ee
896 3359 967 3438 per
995 3333 1036 3412 S.
1068 3332 1430 3438 Congregetionem
1472 3331 1615 3413 annuit

438 3509 488 3520 -
504 3466 546 3539 ut
560 3461 693 3540 denuo
708 3464 984 3537 testamentum
1007 3486 1027 3536 «
1048 3458 1245 3537 conficere
1264 3457 1440 3564 possiut3
1460 3485 1481 3534 n
1498 3457 1615 3536 dum·

437 3585 567 3664 modo·
583 3584 675 3690 jum
690 3581 799 3663 elteri
815 3581 994 3686 quaesite
1007 3582 1168 3660 minimo
1188 3581 1405 3660 laeduntur
1420 3609 1455 3660 u.

517 3833 637 3912 Nune
665 3830 715 3911 de
742 3830 807 3910 ille
834 3827 977 3910 celebri
1008 3829 1252 3935 quaestione.
