3550 5434
383 719 504 818 exuit,
533 721 636 796 sotis
665 726 797 795 tumen
831 729 1002 825 apparet
1032 719 1077 796 id
1102 745 1181 798 uon
1209 746 1259 797 ea
1277 727 1404 797 mente
1436 719 1487 796 ab
1516 741 1561 796 eo

384 845 490 940 fieri,
521 854 563 923 ut
591 845 801 946 Itcb'pt'ont'
823 853 1017 950 perpetuo
1046 843 1273 922 crdcdicatt

464 969 588 1048 Sacra
618 968 883 1072 Congregatio
913 967 1077 1048 Concilii
1119 966 1338 1046 Tridentini
1367 967 1560 1073 interpres

383 1093 458 1172 sub
486 1093 726 1173 Pontificatu
755 1093 908 1173 Urbani
923 1095 1027 1172 VIII.
1049 1092 1135 1198 ipso
1155 1091 1350 1171 Pontifice
1370 1117 1560 1198 expresse

384 1227 596 1316 annuente,
617 1246 708 1297 ann.
733 1219 837 1296 1624
856 1217 957 1297 inter
976 1229 1105 1299 cetera
1125 1219 1282 1298 decreta
1302 1217 1378 1296 hoc
1400 1241 1560 1322 quoque

384 1340 548 1420 inseruit
593 1371 613 1418 a
656 1349 699 1420 ut
728 1343 906 1448 Jupitt'ei
935 1353 971 1423 et
1013 1342 1236 1450 Apostatae
1266 1341 1349 1420 sive
1376 1341 1561 1419 habitum

387 1492 409 1541 «
436 1467 666 1570 reputarem
693 1466 893 1570 deserunt,
922 1470 1003 1548 siue
1031 1493 1120 1563 non,
1150 1465 1304 1572 possint
1327 1489 1374 1546 ac
1393 1465 1561 1545 debeant

387 1605 406 1664 t<
437 1590 487 1668 ab
516 1591 714 1696 Episcopo
743 1591 831 1690 loci,
852 1590 919 1670 ubi
940 1619 1097 1670 moram
1117 1591 1288 1688 trahunt,
1304 1590 1344 1670 in
1374 1615 1559 1668 carceres

387 1743 407 1789 a
437 1715 588 1820 conjici,
618 1742 665 1794 ac
693 1717 976 1822 Superioribus
1017 1715 1286 1819 Itegularibus
1319 1713 1557 1818 consignari,

387 1867 408 1915 (ι
436 1838 661 1918 secundum
688 1839 907 1943 Regularia
935 1841 1115 1920 Instituta
1142 1839 1331 1946 puniendi
1370 1865 1406 1916 a.
1448 1839 1558 1941 Ergo

519 2002 555 2077 1.
584 2000 667 2079 Pro
696 2001 863 2082 Urbano
892 2001 982 2081 VIII
1014 2004 1056 2080 in
1075 2005 1215 2108 praeci
1236 2001 1344 2079 nulla
1372 2000 1488 2079 datur
1506 1997 1560 2077 di·

384 2121 539 2204 stinctio
567 2125 667 2206 inter
695 2124 940 2231 Apostetom
969 2133 1006 2204 et
1024 2128 1262 2231 sepitionem.

516 2251 553 2328 Z
570 2251 773 2356 Apostatn
789 2259 827 2330 et
837 2251 1034 2354 stipitibus
1050 2250 1227 2347 habetur,
1241 2249 1307 2356 qni
1323 2249 1361 2329 in
1373 2249 1558 2331 Claustro

383 2399 464 2452 non
492 2374 608 2478 degit·
639 2373 786 2480 quique
814 2376 863 2454 ab
893 2401 954 2470 ec,
985 2401 1066 2454 non
1102 2375 1356 2480 praeobtenta
1384 2402 1407 2454 a
1436 2377 1560 2481 Supe

383 2497 554 2577 rioribus
585 2497 696 2578 venia
725 2498 926 2598 abscessit,
961 2509 1219 2605 rogaturque.

516 2626 553 2704 3.
583 2624 677 2703 Sive
705 2624 791 2730 ipsa
818 2624 1051 2706 indumenta
1092 2623 1278 2728 religiosa
1307 2632 1445 2730 gestet,
1476 2624 1560 2705 sive

382 2744 585 2828 dimiserit.

489 2876 527 2952 4.
556 2874 649 2953 Sive
664 2872 859 2953 redeundi
874 2874 1055 2953 animum
1071 2874 1245 2970 retineat,
1262 2876 1345 2955 sive
1364 2874 1556 2982 abjecerit

461 3033 523 3111 Ed
538 3032 578 3110 in
597 3032 706 3112 hisce
721 3033 878 3114 casibus
894 3034 1032 3114 debeat
1046 3034 1271 3141 Episcopus
1285 3062 1355 3114 eos
1374 3035 1415 3113 iu
1430 3061 1559 3114 carce

383 3183 470 3236 rem
498 3155 719 3250 detrudere,
740 3183 787 3236 ac
802 3158 1073 3264 superioribus
1089 3161 1255 3257 tradere,
1272 3167 1315 3239 ut
1329 3159 1557 3266 puniantur.

463 3281 568 3360 Hinc
595 3282 724 3361 solent
764 3280 1001 3388 plerumque
1029 3308 1222 3388 quaerere
1253 3283 1481 3383 Generales,
1520 3291 1560 3364 et

387 3405 610 3484 Ordt'nnrii
627 3435 655 3485 u
669 3408 712 3486 S.
733 3406 1053 3512 Conprcpntione
1071 3455 1120 3466 -
1141 3409 1285 3490 Utrum
1305 3408 1344 3486 in
1364 3408 1440 3488 hoc
1460 3434 1558 3488 casu

383 3529 509 3637 possit
527 3531 751 3638 Episcopus
767 3559 821 3611 ccc
838 3559 880 3610 se
894 3531 1037 3638 punire
1052 3534 1274 3640 Apostntns
1293 3540 1330 3612 et
1345 3535 1555 3638 saputem,

383 3655 478 3760 quin
508 3682 577 3734 eos
606 3656 664 3734 nd
688 3656 931 3765 Superiores
959 3658 1157 3739 remittat?

463 3780 540 3860 Hic
569 3780 893 3884 distinguendum
922 3790 982 3861 est
1002 3829 1051 3840 -
1070 3781 1129 3862 vel
1158 3782 1385 3890 Apostntae
1414 3791 1451 3863 et
1477 3785 1557 3864 Fu-

381 3905 502 4009 9itiat'
542 3904 581 3982 in
611 3903 742 4011 aliqua
785 3905 955 3986 dioecesi
995 3914 1292 3987 commorantes
1329 3957 1370 3965 -
1402 3915 1558 4015 praeter

383 4028 648 4135 Apostusinm
675 4039 713 4110 et
739 4030 902 4134 Fupam
935 4031 986 4110 ab
1028 4032 1177 4112 Ordine
1208 4033 1358 4114 trullum
1381 4041 1558 4141 patrant

384 4155 558 4232 crimen:
587 4161 624 4232 et
642 4160 738 4232 tunc
765 4154 977 4261 Episcopis
1005 4182 1086 4234 non
1107 4156 1211 4235 aliud
1232 4158 1368 4238 datum
1388 4167 1459 4257 est,
1481 4157 1556 4238 nisi

382 4303 452 4356 eos
481 4276 519 4355 in
548 4305 750 4357 carcerem
788 4279 1008 4376 detrudere,
1039 4307 1085 4360 ac
1113 4281 1393 4388 Superioribus
1430 4283 1557 4364 consi-

382 4426 516 4506 gnare,
546 4413 589 4481 ut
622 4402 854 4508 puniantur:
883 4406 944 4484 vel
974 4407 1141 4512 aliquod
1166 4409 1318 4488 crimen
1350 4417 1489 4514 ayunt,
1519 4415 1556 4488 et
