3550 5434
721 557 863 612 ..91-

203 737 306 816 tium
334 737 436 817 vitae
464 737 628 835 ratione,
658 737 826 818 honesta
855 735 1091 848 conditione,
1135 737 1255 833 fama,
1289 736 1381 816 edu-

203 862 360 942 catione
388 871 425 954 et
452 860 639 942 laudabili
668 861 844 957 scientia,
876 860 1065 968 nullaque
1092 861 1169 941 alia
1205 887 1400 962 censura⁵

204 1013 296 1066 esse
323 987 506 1087 irretitos
542 1015 686 1095 preces
728 987 778 1067 ad
806 989 846 1069 S.
878 987 1025 1067 Sedem
1068 986 1271 1066 remittunt
1305 973 1379 1092 pro

204 1113 500 1219 dispensatione
528 1122 566 1194 et
607 1111 790 1193 facultate
833 1139 905 1192 eos
949 1113 989 1191 in
1017 1111 1246 1194 Claustrum
1288 1111 1382 1192 reci·

205 1237 349 1346 piendi,
379 1248 416 1319 et
443 1238 493 1318 ad
522 1237 702 1318 habitum
730 1237 958 1342 regularem
988 1235 1233 1318 admittendi.

286 1363 337 1443 Et
363 1363 402 1442 S.
434 1362 698 1468 Congregatio
728 1361 989 1443 considerans
1018 1360 1250 1467 hujusmodi
1284 1359 1380 1440 irre·

206 1483 458 1591 gularitatem
485 1486 694 1592 provenire
722 1509 856 1566 aaran
889 1497 1032 1566 aoauu
1056 1509 1327 1566 rocunmrau
1346 1539 1382 1550 -

209 1639 230 1686 a
261 1609 431 1714 benigne
460 1610 598 1690 annuit
636 1635 711 1717 pro
738 1611 878 1716 pratia
906 1611 956 1689 ad
985 1611 1172 1690 ellectum
1214 1608 1263 1688 de
1296 1635 1379 1715 quo

211 1767 232 1812 «
261 1735 402 1838 agitur,
445 1735 655 1814 dicmmodo
697 1737 737 1813 in
765 1735 1003 1815 Postulante
1046 1744 1206 1814 coetera
1245 1734 1383 1813 omniu
1438 1838 1440 1841 Ι

206 1861 399 1966 requisita
428 1871 672 1940 concurrant
702 1890 738 1940 u.

285 1984 441 2064 Tamen
470 1983 508 2063 hi
537 1985 602 2091 qui
632 1986 713 2065 nati
741 1993 834 2065 sunt
853 2012 905 2066 ex
924 1995 1011 2066 toro
1032 1986 1167 2064 minus
1186 1985 1377 2089 legitime,

204 2111 264 2188 sic
290 2111 446 2217 recepti,
490 2111 539 2190 ad
581 2111 742 2214 gradus
787 2111 963 2191 honores
991 2119 1031 2190 et
1073 2109 1282 2214 dignitates
1319 2109 1382 2188 sui

206 2233 368 2314 Ordinis
397 2233 632 2314 obtinendus
661 2244 851 2341 perpetuo
893 2235 1105 2332 inhabiles,
1144 2243 1182 2314 et
1218 2234 1382 2314 illorum

206 2358 420 2464 incapaces
448 2367 691 2456 remaneant,
722 2359 797 2438 nisi
826 2359 944 2438 etiam
973 2386 1095 2465 super
1114 2358 1191 2438 hoc
1211 2385 1304 2438 cum
1324 2358 1382 2437 eis

204 2484 322 2562 fuerit
350 2483 579 2563 auctoritate
595 2483 828 2590 Apostolica
848 2483 1071 2591 specialiter
1091 2485 1378 2589 dispensatum.

202 2603 344 2685 Sixtus
371 2604 421 2682 V.
452 2604 587 2683 Const.
631 2605 733 2684 Cum
777 2604 825 2684 de
868 2604 1058 2684 omnibus
1102 2601 1381 2683 ecclesiasticis

204 2725 345 2808 Ordin.
367 2726 468 2808 Edit.
490 2753 581 2808 ann.
603 2727 718 2808 1587.
740 2728 913 2808 Kalend.
934 2727 1148 2808 Decembr.
1169 2774 1217 2786 -
1234 2753 1301 2815 an.
1317 2728 1388 2806 Ill.-

202 2845 483 2928 Pontificatus

727 3189 762 3288 §-
793 3187 861 3264 4³¹⁸

335 3435 397 3514 Do
425 3443 557 3514 aetate
586 3435 918 3542 Recpriendorum
946 3437 986 3514 in
1018 3435 1260 3514 Oleastrum.

288 3718 434 3800 Plures
476 3727 570 3800 sunt
598 3720 864 3826 quaestiones
909 3747 1012 3826 quae
1040 3719 1116 3799 suh
1160 3719 1237 3800 hoc
1274 3720 1384 3800 titulo

201 3842 539 3951 complectuntur,
570 3855 607 3925 et
635 3872 733 3924 sane
762 3873 843 3924 non
872 3843 1034 3924 levioris
1062 3845 1285 3924 solutionis,

289 3969 558 4074 Loquendum
586 3977 647 4048 est
665 3970 772 4050 enim
793 3970 841 4050 de
865 3969 1072 4067 Clrortstis,
1091 3969 1141 4049 de
1164 3969 1383 4069 Conuersus,

201 4093 269 4174 vel
304 4093 527 4190 Termantia,
558 4093 724 4192 Oblatis,
753 4094 935 4189 Danaus,
953 4093 1204 4193 Commissa,
1226 4094 1275 4173 de
1293 4096 1384 4174 Ser-

203 4219 407 4316 cientr'bus,
437 4219 607 4324 denique
634 4219 682 4299 de
710 4219 955 4324 Hospitibus.

289 4342 489 4449 Principio
531 4341 637 4422 enim
680 4342 865 4448 quamvis
908 4344 1087 4424 Decretis
1121 4344 1385 4423 Summarum

202 4467 453 4550 Pontificum
496 4467 712 4547 Innocentii
745 4467 811 4565 X„
856 4467 972 4546 Alex.
1017 4469 1104 4548 Vll.
1144 4468 1385 4574 jampridem
