<?xml version="1.0" encoding="UTF-8"?>
<!DOCTYPE html PUBLIC "-//W3C//DTD XHTML 1.0 Transitional//EN"
    "http://www.w3.org/TR/xhtml1/DTD/xhtml1-transitional.dtd">
<html xmlns="http://www.w3.org/1999/xhtml" xml:lang="en" lang="en">
 <head>
  <title>
</title>
<meta http-equiv="Content-Type" content="text/html;charset=utf-8" />
  <meta name='ocr-system' content='tesseract 3.04.00' />
  <meta name='ocr-capabilities' content='ocr_page ocr_carea ocr_par ocr_line ocrx_word'/>
</head>
<body>
  <div class='ocr_page' id='page_1' title='image "./dejurepracticor00nervgoog_0036.png"; bbox 0 0 3550 5434; ppageno 0'>
   <div class='ocr_carea' id='block_1_1' title="bbox 941 542 1084 598">
    <p class='ocr_par' dir='ltr' id='par_1_1' title="bbox 941 542 1084 598">
     <span class='ocr_line' id='line_1_1' title="bbox 941 542 1084 598; baseline 0 -14"><span class='ocrx_word' id='word_1_1' title='bbox 941 542 1084 598; x_wconf 73' lang='lat'>..34-</span> 
     </span>
    </p>
   </div>
   <div class='ocr_carea' id='block_1_2' title="bbox 420 719 1605 2443">
    <p class='ocr_par' dir='ltr' id='par_1_2' title="bbox 423 719 1605 1074">
     <span class='ocr_line' id='line_1_2' title="bbox 425 719 1605 826; baseline 0.003 -28"><span class='ocrx_word' id='word_1_2' title='bbox 425 745 495 798; x_wconf 90' lang='lat' dir='ltr'>eos</span> <span class='ocrx_word' id='word_1_3' title='bbox 524 746 679 820; x_wconf 74' lang='lat' dir='ltr'>omneS,</span> <span class='ocrx_word' id='word_1_4' title='bbox 710 719 777 826; x_wconf 89' lang='lat' dir='ltr'>qui</span> <span class='ocrx_word' id='word_1_5' title='bbox 807 727 889 799; x_wconf 92' lang='lat' dir='ltr'>tam</span> <span class='ocrx_word' id='word_1_6' title='bbox 918 723 1089 803; x_wconf 77' lang='lat' dir='ltr'>Sanctae</span> <span class='ocrx_word' id='word_1_7' title='bbox 1119 721 1366 802; x_wconf 90' lang='lat' dir='ltr'>Ordinationi</span> <span class='ocrx_word' id='word_1_8' title='bbox 1409 723 1605 803; x_wconf 89' lang='lat' dir='ltr'>contradi-</span> 
     </span>
     <span class='ocr_line' id='line_1_3' title="bbox 424 841 1603 952; baseline 0.003 -30"><span class='ocrx_word' id='word_1_9' title='bbox 424 869 525 942; x_wconf 92' lang='lat' dir='ltr'>cere,</span> <span class='ocrx_word' id='word_1_10' title='bbox 555 870 627 922; x_wconf 89' lang='lat' dir='ltr'>seu</span> <span class='ocrx_word' id='word_1_11' title='bbox 647 844 792 942; x_wconf 75' lang='lat' dir='ltr'>verbiS,</span> <span class='ocrx_word' id='word_1_12' title='bbox 823 853 891 924; x_wconf 86' lang='lat' dir='ltr'>aut</span> <span class='ocrx_word' id='word_1_13' title='bbox 921 841 1033 926; x_wconf 86' lang='lat' dir='ltr'>lactis</span> <span class='ocrx_word' id='word_1_14' title='bbox 1075 846 1362 952; x_wconf 84' lang='lat' dir='ltr'>quoquomodo</span> <span class='ocrx_word' id='word_1_15' title='bbox 1404 872 1495 925; x_wconf 91' lang='lat' dir='ltr'>sese</span> <span class='ocrx_word' id='word_1_16' title='bbox 1533 872 1603 952; x_wconf 90' lang='lat' dir='ltr'>op·</span> 
     </span>
     <span class='ocr_line' id='line_1_4' title="bbox 423 968 785 1074; baseline 0.003 -28"><span class='ocrx_word' id='word_1_17' title='bbox 423 993 572 1074; x_wconf 91' lang='lat' dir='ltr'>ponere</span> <span class='ocrx_word' id='word_1_18' title='bbox 601 968 785 1048; x_wconf 88' lang='lat' dir='ltr'>audeant.</span> 
     </span>
    </p>

    <p class='ocr_par' dir='ltr' id='par_1_3' title="bbox 420 1093 1604 2443">
     <span class='ocr_line' id='line_1_5' title="bbox 502 1093 1604 1176; baseline 0.003 -4"><span class='ocrx_word' id='word_1_19' title='bbox 502 1094 549 1172; x_wconf 90' lang='lat' dir='ltr'>P.</span> <span class='ocrx_word' id='word_1_20' title='bbox 578 1094 615 1172; x_wconf 79' lang='lat'>4.</span> <span class='ocrx_word' id='word_1_21' title='bbox 647 1139 698 1152; x_wconf 91' lang='lat'>-—</span> <span class='ocrx_word' id='word_1_22' title='bbox 727 1093 781 1176; x_wconf 92' lang='lat' dir='ltr'>Ut</span> <span class='ocrx_word' id='word_1_23' title='bbox 810 1104 944 1174; x_wconf 91' lang='lat' dir='ltr'>autem</span> <span class='ocrx_word' id='word_1_24' title='bbox 972 1102 1055 1174; x_wconf 92' lang='lat' dir='ltr'>tam</span> <span class='ocrx_word' id='word_1_25' title='bbox 1083 1095 1314 1175; x_wconf 90' lang='lat' dir='ltr'>Laudabilis</span> <span class='ocrx_word' id='word_1_26' title='bbox 1357 1095 1458 1176; x_wconf 89' lang='lat' dir='ltr'>vitae</span> <span class='ocrx_word' id='word_1_27' title='bbox 1496 1095 1604 1176; x_wconf 90' lang='lat' dir='ltr'>insti-</span> 
     </span>
     <span class='ocr_line' id='line_1_6' title="bbox 422 1218 1602 1327; baseline 0.002 -29"><span class='ocrx_word' id='word_1_28' title='bbox 422 1225 564 1317; x_wconf 91' lang='lat' dir='ltr'>tutum,</span> <span class='ocrx_word' id='word_1_29' title='bbox 594 1225 631 1297; x_wconf 93' lang='lat' dir='ltr'>et</span> <span class='ocrx_word' id='word_1_30' title='bbox 658 1218 850 1322; x_wconf 84' lang='lat' dir='ltr'>Regulari</span> <span class='ocrx_word' id='word_1_31' title='bbox 881 1219 1128 1300; x_wconf 76' lang='lat' dir='ltr'>professioni</span> <span class='ocrx_word' id='word_1_32' title='bbox 1171 1220 1349 1299; x_wconf 83' lang='lat' dir='ltr'>maxime</span> <span class='ocrx_word' id='word_1_33' title='bbox 1390 1220 1602 1327; x_wconf 90' lang='lat' dir='ltr'>proprium</span> 
     </span>
     <span class='ocr_line' id='line_1_7' title="bbox 421 1342 1603 1453; baseline 0 -31"><span class='ocrx_word' id='word_1_34' title='bbox 421 1342 616 1446; x_wconf 83' lang='lat' dir='ltr'>Religiosi</span> <span class='ocrx_word' id='word_1_35' title='bbox 644 1342 816 1453; x_wconf 83' lang='lat' dir='ltr'>alacrius</span> <span class='ocrx_word' id='word_1_36' title='bbox 845 1343 1045 1450; x_wconf 72' lang='lat' dir='ltr'>arripiant,</span> <span class='ocrx_word' id='word_1_37' title='bbox 1076 1345 1289 1450; x_wconf 86' lang='lat' dir='ltr'>omnisque</span> <span class='ocrx_word' id='word_1_38' title='bbox 1312 1344 1518 1424; x_wconf 81' lang='lat' dir='ltr'>excusatio</span> <span class='ocrx_word' id='word_1_39' title='bbox 1547 1343 1603 1422; x_wconf 93' lang='lat' dir='ltr'>in-</span> 
     </span>
     <span class='ocr_line' id='line_1_8' title="bbox 422 1465 1601 1573; baseline 0.003 -29"><span class='ocrx_word' id='word_1_40' title='bbox 422 1465 669 1546; x_wconf 90' lang='lat' dir='ltr'>firmioribus</span> <span class='ocrx_word' id='word_1_41' title='bbox 696 1467 1012 1573; x_wconf 89' lang='lat' dir='ltr'>praeolaudatur,</span> <span class='ocrx_word' id='word_1_42' title='bbox 1035 1468 1175 1548; x_wconf 89' lang='lat' dir='ltr'>eadem</span> <span class='ocrx_word' id='word_1_43' title='bbox 1189 1469 1314 1550; x_wconf 91' lang='lat' dir='ltr'>Sacra</span> <span class='ocrx_word' id='word_1_44' title='bbox 1333 1467 1601 1572; x_wconf 78' lang='lat' dir='ltr'>Congregatio</span> 
     </span>
     <span class='ocr_line' id='line_1_9' title="bbox 422 1590 1601 1700; baseline 0.002 -30"><span class='ocrx_word' id='word_1_45' title='bbox 422 1590 602 1670; x_wconf 88' lang='lat' dir='ltr'>similiter</span> <span class='ocrx_word' id='word_1_46' title='bbox 632 1591 820 1698; x_wconf 78' lang='lat' dir='ltr'>praecipit</span> <span class='ocrx_word' id='word_1_47' title='bbox 860 1593 1145 1700; x_wconf 83' lang='lat' dir='ltr'>Superioribus</span> <span class='ocrx_word' id='word_1_48' title='bbox 1187 1593 1404 1691; x_wconf 85' lang='lat' dir='ltr'>antedictis,</span> <span class='ocrx_word' id='word_1_49' title='bbox 1448 1603 1491 1673; x_wconf 91' lang='lat' dir='ltr'>ut</span> <span class='ocrx_word' id='word_1_50' title='bbox 1518 1619 1601 1672; x_wconf 92' lang='lat' dir='ltr'>me-</span> 
     </span>
     <span class='ocr_line' id='line_1_10' title="bbox 422 1715 1602 1824; baseline 0.002 -30"><span class='ocrx_word' id='word_1_51' title='bbox 422 1716 589 1796; x_wconf 91' lang='lat' dir='ltr'>moratis</span> <span class='ocrx_word' id='word_1_52' title='bbox 631 1715 903 1796; x_wconf 88' lang='lat' dir='ltr'>Conventibus</span> <span class='ocrx_word' id='word_1_53' title='bbox 946 1717 1173 1824; x_wconf 87' lang='lat' dir='ltr'>(implorata</span> <span class='ocrx_word' id='word_1_54' title='bbox 1215 1717 1347 1818; x_wconf 90' lang='lat' dir='ltr'>etiam,</span> <span class='ocrx_word' id='word_1_55' title='bbox 1390 1717 1457 1797; x_wconf 92' lang='lat' dir='ltr'>ubi</span> <span class='ocrx_word' id='word_1_56' title='bbox 1496 1743 1602 1824; x_wconf 89' lang='lat' dir='ltr'>opus</span> 
     </span>
     <span class='ocr_line' id='line_1_11' title="bbox 423 1840 1604 1948; baseline 0 -29"><span class='ocrx_word' id='word_1_57' title='bbox 423 1840 549 1938; x_wconf 90' lang='lat' dir='ltr'>fuerit,</span> <span class='ocrx_word' id='word_1_58' title='bbox 579 1840 814 1948; x_wconf 82' lang='lat' dir='ltr'>Apostolioa</span> <span class='ocrx_word' id='word_1_59' title='bbox 843 1842 1106 1938; x_wconf 80' lang='lat' dir='ltr'>Auctoritate)</span> <span class='ocrx_word' id='word_1_60' title='bbox 1136 1843 1296 1948; x_wconf 90' lang='lat' dir='ltr'>praefici</span> <span class='ocrx_word' id='word_1_61' title='bbox 1341 1842 1506 1922; x_wconf 90' lang='lat' dir='ltr'>omuino</span> <span class='ocrx_word' id='word_1_62' title='bbox 1537 1869 1604 1920; x_wconf 91' lang='lat' dir='ltr'>cu-</span> 
     </span>
     <span class='ocr_line' id='line_1_12' title="bbox 421 1966 1602 2072; baseline 0 -29"><span class='ocrx_word' id='word_1_63' title='bbox 421 1974 510 2045; x_wconf 90' lang='lat' dir='ltr'>rent</span> <span class='ocrx_word' id='word_1_64' title='bbox 537 1967 646 2046; x_wconf 88' lang='lat' dir='ltr'>viros</span> <span class='ocrx_word' id='word_1_65' title='bbox 674 1993 758 2046; x_wconf 91' lang='lat' dir='ltr'>non</span> <span class='ocrx_word' id='word_1_66' title='bbox 787 1967 921 2046; x_wconf 92' lang='lat' dir='ltr'>solum</span> <span class='ocrx_word' id='word_1_67' title='bbox 951 1966 1181 2072; x_wconf 92' lang='lat' dir='ltr'>disciplinae</span> <span class='ocrx_word' id='word_1_68' title='bbox 1223 1967 1322 2066; x_wconf 88' lang='lat' dir='ltr'>zelo,</span> <span class='ocrx_word' id='word_1_69' title='bbox 1367 1967 1437 2046; x_wconf 91' lang='lat' dir='ltr'>sed</span> <span class='ocrx_word' id='word_1_70' title='bbox 1480 1966 1602 2045; x_wconf 90' lang='lat' dir='ltr'>etiam</span> 
     </span>
     <span class='ocr_line' id='line_1_13' title="bbox 422 2088 1603 2198; baseline 0.002 -30"><span class='ocrx_word' id='word_1_71' title='bbox 422 2088 623 2186; x_wconf 76' lang='lat' dir='ltr'>charitate,</span> <span class='ocrx_word' id='word_1_72' title='bbox 668 2098 706 2170; x_wconf 93' lang='lat' dir='ltr'>et</span> <span class='ocrx_word' id='word_1_73' title='bbox 747 2116 910 2170; x_wconf 93' lang='lat' dir='ltr'>morum</span> <span class='ocrx_word' id='word_1_74' title='bbox 952 2092 1147 2171; x_wconf 87' lang='lat' dir='ltr'>suavitate</span> <span class='ocrx_word' id='word_1_75' title='bbox 1188 2090 1401 2198; x_wconf 67' lang='lat' dir='ltr'>praeditos</span> <span class='ocrx_word' id='word_1_76' title='bbox 1441 2116 1603 2196; x_wconf 87' lang='lat' dir='ltr'>compa-</span> 
     </span>
     <span class='ocr_line' id='line_1_14' title="bbox 422 2214 1604 2320; baseline 0 -27"><span class='ocrx_word' id='word_1_77' title='bbox 422 2214 575 2310; x_wconf 90' lang='lat' dir='ltr'>tientes,</span> <span class='ocrx_word' id='word_1_78' title='bbox 595 2214 870 2296; x_wconf 83' lang='lat' dir='ltr'>Fratern&#39;itatis</span> <span class='ocrx_word' id='word_1_79' title='bbox 886 2223 1100 2315; x_wconf 90' lang='lat' dir='ltr'>amatores,</span> <span class='ocrx_word' id='word_1_80' title='bbox 1116 2215 1410 2315; x_wconf 72' lang='lat' dir='ltr'>misericordae,</span> <span class='ocrx_word' id='word_1_81' title='bbox 1427 2241 1604 2320; x_wconf 86' lang='lat' dir='ltr'>quorum</span> 
     </span>
     <span class='ocr_line' id='line_1_15' title="bbox 420 2338 1243 2443; baseline 0.002 -25"><span class='ocrx_word' id='word_1_82' title='bbox 420 2338 606 2443; x_wconf 87' lang='lat' dir='ltr'>regimini</span> <span class='ocrx_word' id='word_1_83' title='bbox 634 2338 802 2419; x_wconf 88' lang='lat' dir='ltr'>libenter</span> <span class='ocrx_word' id='word_1_84' title='bbox 830 2339 894 2418; x_wconf 91' lang='lat' dir='ltr'>alii</span> <span class='ocrx_word' id='word_1_85' title='bbox 924 2367 968 2418; x_wconf 91' lang='lat' dir='ltr'>se</span> <span class='ocrx_word' id='word_1_86' title='bbox 997 2339 1243 2420; x_wconf 85' lang='lat' dir='ltr'>submittant.</span> 
     </span>
    </p>
   </div>
   <div class='ocr_carea' id='block_1_3' title="bbox 501 2460 1767 2575">
    <p class='ocr_par' dir='ltr' id='par_1_4' title="bbox 501 2460 1767 2575">
     <span class='ocr_line' id='line_1_16' title="bbox 501 2460 1767 2575; baseline -0.004 -33"><span class='ocrx_word' id='word_1_87' title='bbox 501 2465 548 2542; x_wconf 93' lang='lat' dir='ltr'>P.</span> <span class='ocrx_word' id='word_1_88' title='bbox 578 2465 615 2542; x_wconf 89' lang='lat'>5.</span> <span class='ocrx_word' id='word_1_89' title='bbox 651 2510 696 2522; x_wconf 85' lang='lat'>·-·</span> <span class='ocrx_word' id='word_1_90' title='bbox 725 2463 917 2543; x_wconf 89' lang='lat' dir='ltr'>Studeant</span> <span class='ocrx_word' id='word_1_91' title='bbox 947 2489 1041 2542; x_wconf 91' lang='lat' dir='ltr'>vero</span> <span class='ocrx_word' id='word_1_92' title='bbox 1070 2463 1293 2569; x_wconf 87' lang='lat' dir='ltr'>praecipue,</span> <span class='ocrx_word' id='word_1_93' title='bbox 1324 2470 1367 2542; x_wconf 93' lang='lat' dir='ltr'>ut</span> <span class='ocrx_word' id='word_1_94' title='bbox 1394 2489 1442 2542; x_wconf 90' lang='lat' dir='ltr'>ea</span> <span class='ocrx_word' id='word_1_95' title='bbox 1461 2460 1600 2541; x_wconf 92' lang='lat' dir='ltr'>omnia</span> <span class='ocrx_word' id='word_1_96' title='bbox 1654 2561 1658 2575; x_wconf 35' lang='grc' dir='ltr'>Ι</span> <span class='ocrx_word' id='word_1_97' title='bbox 1766 2488 1767 2537; x_wconf 77' lang='grc'>;</span> 
     </span>
    </p>
   </div>
   <div class='ocr_carea' id='block_1_4' title="bbox 418 2584 1601 4554">
    <p class='ocr_par' dir='ltr' id='par_1_5' title="bbox 420 2584 1601 3192">
     <span class='ocr_line' id='line_1_17' title="bbox 420 2584 1601 2693; baseline -0.003 -27"><span class='ocrx_word' id='word_1_98' title='bbox 420 2612 523 2693; x_wconf 90' lang='lat' dir='ltr'>quae</span> <span class='ocrx_word' id='word_1_99' title='bbox 552 2595 633 2666; x_wconf 89' lang='lat' dir='ltr'>tam</span> <span class='ocrx_word' id='word_1_100' title='bbox 664 2587 714 2666; x_wconf 92' lang='lat' dir='ltr'>ad</span> <span class='ocrx_word' id='word_1_101' title='bbox 744 2586 907 2681; x_wconf 87' lang='lat' dir='ltr'>victum,</span> <span class='ocrx_word' id='word_1_102' title='bbox 925 2596 963 2665; x_wconf 90' lang='lat' dir='ltr'>et</span> <span class='ocrx_word' id='word_1_103' title='bbox 990 2586 1188 2684; x_wconf 86' lang='lat' dir='ltr'>vestitum,</span> <span class='ocrx_word' id='word_1_104' title='bbox 1210 2613 1333 2692; x_wconf 91' lang='lat' dir='ltr'>quam</span> <span class='ocrx_word' id='word_1_105' title='bbox 1354 2585 1402 2665; x_wconf 90' lang='lat' dir='ltr'>ad</span> <span class='ocrx_word' id='word_1_106' title='bbox 1423 2584 1601 2690; x_wconf 89' lang='lat' dir='ltr'>reliquas</span> 
     </span>
     <span class='ocr_line' id='line_1_18' title="bbox 422 2711 1601 2819; baseline -0.001 -31"><span class='ocrx_word' id='word_1_107' title='bbox 422 2711 522 2791; x_wconf 91' lang='lat' dir='ltr'>vitae</span> <span class='ocrx_word' id='word_1_108' title='bbox 538 2711 794 2792; x_wconf 86' lang='lat' dir='ltr'>necessitates</span> <span class='ocrx_word' id='word_1_109' title='bbox 813 2711 1019 2819; x_wconf 91' lang='lat' dir='ltr'>pertinent,</span> <span class='ocrx_word' id='word_1_110' title='bbox 1041 2711 1210 2815; x_wconf 82' lang='lat' dir='ltr'>singulis</span> <span class='ocrx_word' id='word_1_111' title='bbox 1230 2711 1446 2816; x_wconf 86' lang='lat' dir='ltr'>Religiosis</span> <span class='ocrx_word' id='word_1_112' title='bbox 1465 2735 1601 2816; x_wconf 90' lang='lat' dir='ltr'>prorn-</span> 
     </span>
     <span class='ocr_line' id='line_1_19' title="bbox 420 2833 1595 2943; baseline -0.003 -27"><span class='ocrx_word' id='word_1_113' title='bbox 420 2846 485 2943; x_wconf 91' lang='lat' dir='ltr'>pte</span> <span class='ocrx_word' id='word_1_114' title='bbox 514 2835 879 2935; x_wconf 86' lang='lat' dir='ltr'>subministrentur,</span> <span class='ocrx_word' id='word_1_115' title='bbox 900 2863 947 2915; x_wconf 89' lang='lat' dir='ltr'>ae</span> <span class='ocrx_word' id='word_1_116' title='bbox 967 2835 1203 2942; x_wconf 88' lang='lat' dir='ltr'>praesertim</span> <span class='ocrx_word' id='word_1_117' title='bbox 1223 2833 1482 2940; x_wconf 86' lang='lat' dir='ltr'>aegritudinis</span> <span class='ocrx_word' id='word_1_118' title='bbox 1503 2842 1595 2912; x_wconf 91' lang='lat' dir='ltr'>tem-</span> 
     </span>
     <span class='ocr_line' id='line_1_20' title="bbox 420 2959 1600 3068; baseline -0.003 -29"><span class='ocrx_word' id='word_1_119' title='bbox 420 2987 517 3068; x_wconf 93' lang='lat' dir='ltr'>pore</span> <span class='ocrx_word' id='word_1_120' title='bbox 546 2960 642 3040; x_wconf 89' lang='lat' dir='ltr'>nihil</span> <span class='ocrx_word' id='word_1_121' title='bbox 671 2960 786 3040; x_wconf 89' lang='lat' dir='ltr'>alieni</span> <span class='ocrx_word' id='word_1_122' title='bbox 814 2961 925 3061; x_wconf 86' lang='lat' dir='ltr'>desit,</span> <span class='ocrx_word' id='word_1_123' title='bbox 956 2961 1064 3066; x_wconf 92' lang='lat' dir='ltr'>quod</span> <span class='ocrx_word' id='word_1_124' title='bbox 1093 2962 1144 3041; x_wconf 91' lang='lat' dir='ltr'>ad</span> <span class='ocrx_word' id='word_1_125' title='bbox 1178 2959 1389 3038; x_wconf 89' lang='lat' dir='ltr'>sanitatem</span> <span class='ocrx_word' id='word_1_126' title='bbox 1430 2983 1600 3064; x_wconf 91' lang='lat' dir='ltr'>recupe-</span> 
     </span>
     <span class='ocr_line' id='line_1_21' title="bbox 420 3084 821 3192; baseline -0.007 -27"><span class='ocrx_word' id='word_1_127' title='bbox 420 3086 590 3165; x_wconf 88' lang='lat' dir='ltr'>randam</span> <span class='ocrx_word' id='word_1_128' title='bbox 618 3084 821 3192; x_wconf 89' lang='lat' dir='ltr'>pertineat.</span> 
     </span>
    </p>

    <p class='ocr_par' dir='ltr' id='par_1_6' title="bbox 418 3208 1599 4554">
     <span class='ocr_line' id='line_1_22' title="bbox 501 3208 1599 3315; baseline -0.004 -25"><span class='ocrx_word' id='word_1_129' title='bbox 501 3213 548 3291; x_wconf 89' lang='lat' dir='ltr'>P.</span> <span class='ocrx_word' id='word_1_130' title='bbox 577 3212 615 3290; x_wconf 88' lang='lat'>6.</span> <span class='ocrx_word' id='word_1_131' title='bbox 646 3255 697 3270; x_wconf 90' lang='lat'><em>-</em></span> <span class='ocrx_word' id='word_1_132' title='bbox 725 3213 787 3288; x_wconf 87' lang='lat' dir='ltr'>Ac</span> <span class='ocrx_word' id='word_1_133' title='bbox 814 3217 1024 3315; x_wconf 89' lang='lat' dir='ltr'>propterea</span> <span class='ocrx_word' id='word_1_134' title='bbox 1053 3208 1234 3312; x_wconf 83' lang='lat' dir='ltr'>Religios</span> <span class='ocrx_word' id='word_1_135' title='bbox 1261 3208 1302 3286; x_wconf 94' lang='lat' dir='ltr'>in</span> <span class='ocrx_word' id='word_1_136' title='bbox 1330 3208 1473 3288; x_wconf 92' lang='lat' dir='ltr'>iisdem</span> <span class='ocrx_word' id='word_1_137' title='bbox 1493 3209 1599 3288; x_wconf 90' lang='lat' dir='ltr'>Con-</span> 
     </span>
     <span class='ocr_line' id='line_1_23' title="bbox 419 3332 1596 3439; baseline -0.008 -18"><span class='ocrx_word' id='word_1_138' title='bbox 419 3337 604 3421; x_wconf 88' lang='lat' dir='ltr'>ventibus</span> <span class='ocrx_word' id='word_1_139' title='bbox 634 3333 784 3414; x_wconf 91' lang='lat' dir='ltr'>morari</span> <span class='ocrx_word' id='word_1_140' title='bbox 812 3360 893 3412; x_wconf 92' lang='lat' dir='ltr'>non</span> <span class='ocrx_word' id='word_1_141' title='bbox 913 3335 1111 3439; x_wconf 85' lang='lat' dir='ltr'>patiantur</span> <span class='ocrx_word' id='word_1_142' title='bbox 1130 3332 1231 3413; x_wconf 92' lang='lat' dir='ltr'>ultra</span> <span class='ocrx_word' id='word_1_143' title='bbox 1252 3360 1346 3413; x_wconf 92' lang='lat' dir='ltr'>eum</span> <span class='ocrx_word' id='word_1_144' title='bbox 1365 3359 1596 3431; x_wconf 91' lang='lat' dir='ltr'>numerum,</span> 
     </span>
     <span class='ocr_line' id='line_1_24' title="bbox 420 3456 1596 3569; baseline -0.006 -26"><span class='ocrx_word' id='word_1_145' title='bbox 420 3463 486 3569; x_wconf 89' lang='lat' dir='ltr'>qui</span> <span class='ocrx_word' id='word_1_146' title='bbox 516 3488 568 3541; x_wconf 85' lang='lat' dir='ltr'>ex</span> <span class='ocrx_word' id='word_1_147' title='bbox 596 3459 756 3538; x_wconf 92' lang='lat' dir='ltr'>illorum</span> <span class='ocrx_word' id='word_1_148' title='bbox 784 3457 988 3555; x_wconf 68' lang='lat' dir='ltr'>reditibus</span> <span class='ocrx_word' id='word_1_149' title='bbox 1018 3467 1055 3538; x_wconf 92' lang='lat' dir='ltr'>et</span> <span class='ocrx_word' id='word_1_150' title='bbox 1073 3458 1275 3537; x_wconf 89' lang='lat' dir='ltr'>consuetis</span> <span class='ocrx_word' id='word_1_151' title='bbox 1295 3456 1596 3551; x_wconf 91' lang='lat' dir='ltr'>communibus,</span> 
     </span>
     <span class='ocr_line' id='line_1_25' title="bbox 419 3580 1598 3687; baseline -0.004 -24"><span class='ocrx_word' id='word_1_152' title='bbox 419 3586 482 3666; x_wconf 91' lang='lat' dir='ltr'>vel</span> <span class='ocrx_word' id='word_1_153' title='bbox 511 3584 631 3664; x_wconf 89' lang='lat' dir='ltr'>etiarn</span> <span class='ocrx_word' id='word_1_154' title='bbox 672 3582 924 3686; x_wconf 82' lang='lat' dir='ltr'>singulorum</span> <span class='ocrx_word' id='word_1_155' title='bbox 966 3581 1232 3679; x_wconf 84' lang='lat' dir='ltr'>eleemosinis,</span> <span class='ocrx_word' id='word_1_156' title='bbox 1264 3581 1400 3662; x_wconf 89' lang='lat' dir='ltr'>aliisve</span> <span class='ocrx_word' id='word_1_157' title='bbox 1434 3580 1598 3687; x_wconf 91' lang='lat' dir='ltr'>quibus-</span> 
     </span>
     <span class='ocr_line' id='line_1_26' title="bbox 420 3704 1595 3815; baseline -0.006 -25"><span class='ocrx_word' id='word_1_158' title='bbox 420 3735 594 3815; x_wconf 88' lang='lat' dir='ltr'>cumque</span> <span class='ocrx_word' id='word_1_159' title='bbox 622 3704 929 3786; x_wconf 90' lang='lat' dir='ltr'>obventionibus</span> <span class='ocrx_word' id='word_1_160' title='bbox 958 3704 1103 3812; x_wconf 90' lang='lat' dir='ltr'>pariter</span> <span class='ocrx_word' id='word_1_161' title='bbox 1130 3705 1171 3783; x_wconf 95' lang='lat' dir='ltr'>in</span> <span class='ocrx_word' id='word_1_162' title='bbox 1200 3732 1416 3785; x_wconf 88' lang='lat' dir='ltr'>commune</span> <span class='ocrx_word' id='word_1_163' title='bbox 1458 3705 1595 3784; x_wconf 86' lang='lat' dir='ltr'>conle-</span> 
     </span>
     <span class='ocr_line' id='line_1_27' title="bbox 420 3827 1596 3934; baseline -0.007 -20"><span class='ocrx_word' id='word_1_164' title='bbox 420 3833 555 3914; x_wconf 92' lang='lat' dir='ltr'>rendis</span> <span class='ocrx_word' id='word_1_165' title='bbox 583 3830 711 3910; x_wconf 91' lang='lat' dir='ltr'>valeat</span> <span class='ocrx_word' id='word_1_166' title='bbox 738 3830 952 3909; x_wconf 84' lang='lat' dir='ltr'>commode</span> <span class='ocrx_word' id='word_1_167' title='bbox 980 3828 1232 3908; x_wconf 86' lang='lat' dir='ltr'>substentari.</span> <span class='ocrx_word' id='word_1_168' title='bbox 1263 3831 1346 3910; x_wconf 89' lang='lat' dir='ltr'>Eos</span> <span class='ocrx_word' id='word_1_169' title='bbox 1374 3855 1482 3926; x_wconf 91' lang='lat' dir='ltr'>vero,</span> <span class='ocrx_word' id='word_1_170' title='bbox 1527 3827 1596 3934; x_wconf 92' lang='lat' dir='ltr'>qui</span> 
     </span>
     <span class='ocr_line' id='line_1_28' title="bbox 418 3951 1596 4062; baseline -0.005 -25"><span class='ocrx_word' id='word_1_171' title='bbox 418 3956 544 4038; x_wconf 89' lang='lat' dir='ltr'>semel</span> <span class='ocrx_word' id='word_1_172' title='bbox 573 3955 772 4062; x_wconf 86' lang='lat' dir='ltr'>praefatae</span> <span class='ocrx_word' id='word_1_173' title='bbox 800 3952 1077 4033; x_wconf 88' lang='lat' dir='ltr'>observantiae</span> <span class='ocrx_word' id='word_1_174' title='bbox 1106 3960 1144 4031; x_wconf 92' lang='lat' dir='ltr'>et</span> <span class='ocrx_word' id='word_1_175' title='bbox 1172 3961 1335 4032; x_wconf 83' lang='lat' dir='ltr'>exactae</span> <span class='ocrx_word' id='word_1_176' title='bbox 1355 3951 1457 4031; x_wconf 88' lang='lat' dir='ltr'>vitae</span> <span class='ocrx_word' id='word_1_177' title='bbox 1487 3978 1596 4031; x_wconf 92' lang='lat' dir='ltr'>com-</span> 
     </span>
     <span class='ocr_line' id='line_1_29' title="bbox 418 4075 1596 4179; baseline -0.007 -17"><span class='ocrx_word' id='word_1_178' title='bbox 418 4081 531 4162; x_wconf 91' lang='lat' dir='ltr'>muni</span> <span class='ocrx_word' id='word_1_179' title='bbox 559 4078 737 4175; x_wconf 91' lang='lat' dir='ltr'>libenter,</span> <span class='ocrx_word' id='word_1_180' title='bbox 766 4086 810 4157; x_wconf 91' lang='lat' dir='ltr'>ut</span> <span class='ocrx_word' id='word_1_181' title='bbox 837 4104 930 4157; x_wconf 91' lang='lat' dir='ltr'>vere</span> <span class='ocrx_word' id='word_1_182' title='bbox 959 4076 1189 4179; x_wconf 84' lang='lat' dir='ltr'>Religiosos</span> <span class='ocrx_word' id='word_1_183' title='bbox 1217 4075 1326 4155; x_wconf 88' lang='lat' dir='ltr'>viros</span> <span class='ocrx_word' id='word_1_184' title='bbox 1346 4075 1469 4174; x_wconf 90' lang='lat' dir='ltr'>decet,</span> <span class='ocrx_word' id='word_1_185' title='bbox 1500 4101 1596 4154; x_wconf 91' lang='lat' dir='ltr'>sese</span> 
     </span>
     <span class='ocr_line' id='line_1_30' title="bbox 419 4199 1596 4313; baseline -0.007 -27"><span class='ocrx_word' id='word_1_186' title='bbox 419 4203 670 4313; x_wconf 85' lang='lat' dir='ltr'>subjecerint,</span> <span class='ocrx_word' id='word_1_187' title='bbox 700 4210 738 4281; x_wconf 91' lang='lat' dir='ltr'>et</span> <span class='ocrx_word' id='word_1_188' title='bbox 765 4201 805 4281; x_wconf 94' lang='lat' dir='ltr'>in</span> <span class='ocrx_word' id='word_1_189' title='bbox 834 4229 881 4281; x_wconf 89' lang='lat' dir='ltr'>ea</span> <span class='ocrx_word' id='word_1_190' title='bbox 909 4199 1157 4280; x_wconf 89' lang='lat' dir='ltr'>laudabiliter</span> <span class='ocrx_word' id='word_1_191' title='bbox 1199 4206 1465 4304; x_wconf 86' lang='lat' dir='ltr'>perseverent,</span> <span class='ocrx_word' id='word_1_192' title='bbox 1509 4200 1596 4278; x_wconf 92' lang='lat' dir='ltr'>uul-</span> 
     </span>
     <span class='ocr_line' id='line_1_31' title="bbox 418 4322 1599 4410; baseline -0.005 0"><span class='ocrx_word' id='word_1_193' title='bbox 418 4331 575 4410; x_wconf 90' lang='lat' dir='ltr'>latenus</span> <span class='ocrx_word' id='word_1_194' title='bbox 604 4356 627 4408; x_wconf 92' lang='lat' dir='ltr'>a</span> <span class='ocrx_word' id='word_1_195' title='bbox 655 4327 888 4407; x_wconf 90' lang='lat' dir='ltr'>memoratis</span> <span class='ocrx_word' id='word_1_196' title='bbox 917 4322 1189 4406; x_wconf 89' lang='lat' dir='ltr'>Conventibus</span> <span class='ocrx_word' id='word_1_197' title='bbox 1217 4324 1397 4403; x_wconf 91' lang='lat' dir='ltr'>nolentes</span> <span class='ocrx_word' id='word_1_198' title='bbox 1430 4324 1599 4404; x_wconf 86' lang='lat' dir='ltr'>transle-</span> 
     </span>
     <span class='ocr_line' id='line_1_32' title="bbox 418 4445 1599 4554; baseline -0.006 -20"><span class='ocrx_word' id='word_1_199' title='bbox 418 4463 519 4554; x_wconf 89' lang='lat' dir='ltr'>rant,</span> <span class='ocrx_word' id='word_1_200' title='bbox 550 4453 625 4533; x_wconf 92' lang='lat' dir='ltr'>nisi</span> <span class='ocrx_word' id='word_1_201' title='bbox 645 4453 745 4532; x_wconf 88' lang='lat' dir='ltr'>forte</span> <span class='ocrx_word' id='word_1_202' title='bbox 764 4451 814 4531; x_wconf 91' lang='lat' dir='ltr'>ad</span> <span class='ocrx_word' id='word_1_203' title='bbox 834 4449 909 4529; x_wconf 91' lang='lat' dir='ltr'>alia</span> <span class='ocrx_word' id='word_1_204' title='bbox 928 4447 1186 4545; x_wconf 89' lang='lat' dir='ltr'>Monasteria,</span> <span class='ocrx_word' id='word_1_205' title='bbox 1207 4445 1275 4526; x_wconf 91' lang='lat' dir='ltr'>ubi</span> <span class='ocrx_word' id='word_1_206' title='bbox 1294 4447 1436 4527; x_wconf 89' lang='lat' dir='ltr'>similis</span> <span class='ocrx_word' id='word_1_207' title='bbox 1455 4447 1599 4529; x_wconf 91' lang='lat' dir='ltr'>obser-</span> 
     </span>
    </p>
   </div>
   <div class='ocr_carea' id='block_1_5' title="bbox 0 0 1780 5431">
    <p class='ocr_par' dir='ltr' id='par_1_7' title="bbox 0 0 1780 5431">
     <span class='ocr_line' id='line_1_33' title="bbox 0 0 1780 5431; baseline 0 0"><span class='ocrx_word' id='word_1_208' title='bbox 0 0 1780 5431; x_wconf 95' lang='lat' dir='ltr'> </span> 
     </span>
    </p>
   </div>
  </div>
 </body>
</html>
