3550 5434
902 489 1063 544 -140-

400 700 419 746 a
449 668 686 749 donationes
715 667 867 768 luerint,
898 665 1105 776 possidere
1146 665 1293 771 possit;
1322 665 1393 745 sed
1435 664 1571 746 omniu

398 821 419 869 a
449 791 582 873 statim
609 793 806 899 superiori
846 793 1039 874 tradenda
1067 801 1104 872 et
1145 790 1364 870 Conventui
1393 791 1574 897 incorpo

397 947 418 994 a
449 919 574 998 rande
602 917 678 997 sub
708 919 848 1024 poenis
876 947 900 998 a
928 921 1050 1000 Cone.
1079 914 1188 996 Trid.
1218 914 1537 1022 praescriptis».

474 1042 598 1121 Hisce
626 1042 799 1139 monilia,
829 1042 988 1149 plurimi
1017 1069 1068 1121 ex
1105 1039 1300 1119 Parochis
1329 1040 1459 1120 bonae
1500 1067 1568 1120 vo

395 1166 555 1246 luntatis
584 1195 628 1246 se
657 1193 750 1246 cum
777 1166 1053 1274 superioribus
1081 1172 1412 1270 composuerunt;
1433 1173 1470 1244 et
1488 1190 1570 1272 pax

395 1291 703 1399 animorumque
730 1291 992 1400 tranquillitas
1020 1290 1105 1371 sive
1132 1290 1234 1371 inter
1261 1315 1318 1390 se,
1347 1289 1432 1370 sive
1468 1291 1571 1369 inter

394 1417 495 1496 alios
524 1417 564 1494 in
592 1416 775 1496 Claustra
802 1417 945 1497 reverti
973 1415 1059 1495 visa
1088 1423 1159 1494 est.

476 1541 555 1622 Sed
583 1540 696 1620 haeic
724 1541 859 1648 quaeri
888 1548 1063 1647 oportet:

903 1897 940 2001 S·
968 1894 1038 1975 6³¹⁸

398 2110 468 2186 Aa
495 2109 696 2213 Relipicsi
725 2109 884 2216 possint
912 2109 1061 2188 habere
1089 2116 1127 2188 et
1164 2110 1338 2188 retinere
1376 2107 1573 2213 denejiaia

504 2269 778 2348 ecclesiastica
809 2270 889 2348 siae
916 2270 1133 2376 simplicia,
1162 2269 1243 2348 siae
1270 2267 1569 2364 residentialia,

462 2430 563 2530 'recl
590 2457 679 2508 caat
708 2455 811 2522 cara
838 2431 1103 2510 animarum?

478 2660 597 2741 Ratio
604 2663 864 2768 paupertatis
878 2661 997 2742 etiam
1017 2661 1056 2740 in
1075 2659 1274 2767 praesenti
1292 2660 1437 2766 specie,
1454 2666 1575 2765 aepat

398 2785 476 2862 tiae
497 2784 722 2890 respondet.
738 2787 788 2866 Et
806 2785 965 2865 merito:
986 2811 1160 2891 namque
1180 2783 1337 2865 cuilibet
1356 2795 1496 2864 notum
1515 2808 1574 2862 es-

399 2908 600 2988 Beneficia
627 2909 845 3014 possidere,
876 2911 981 2991 idem
1009 2918 1070 2989 est
1099 2937 1145 2989 aa
1165 2918 1281 2990 cattas
1303 2909 1574 3018 proprietatis
1618 2968 1627 2992 ,,

399 3032 587 3111 continuo
616 3059 820 3112 emercare.
852 3034 958 3114 Hinc
985 3033 1191 3138 Religiosi,
1222 3034 1387 3114 dimissu
1402 3031 1575 3137 legitime

400 3155 536 3236 habitu
564 3155 748 3260 regulari,
778 3184 801 3236 a
829 3157 1028 3239 Romanis
1055 3157 1317 3238 Pontificibus
1345 3155 1575 3237 habilitatio

399 3308 493 3362 nem
521 3282 570 3362 ad
599 3281 801 3364 Beneficia
829 3281 1051 3363 humillime
1080 3291 1227 3390 petunt.
1259 3285 1310 3364 Et
1337 3284 1377 3363 S.
1398 3284 1574 3386 Congre-

397 3407 504 3510 gatio
534 3407 701 3486 servatis
729 3407 939 3488 servandis
971 3438 991 3485 «
1019 3407 1153 3488 tribuit
1168 3409 1371 3488 facultates
1392 3433 1575 3487 necessa-

402 3559 422 3605 «
452 3531 533 3610 rias
562 3539 599 3610 et
628 3541 875 3637 opportunas
904 3532 1105 3638 Episcopo
1134 3532 1330 3613 benevolo
1367 3529 1573 3637 receptori,

402 3685 422 3731 a
453 3656 520 3762 qui
549 3656 762 3735 Oratorem
790 3654 997 3737 habilitare
1025 3657 1154 3737 valeat
1182 3658 1231 3737 ad
1261 3683 1389 3736 unum
1423 3664 1574 3736 tantum

402 3810 422 3856 a
452 3780 700 3860 Beneficium
715 3781 1041 3877 ecclesiasticum,
1058 3781 1250 3861 canonice
1265 3780 1574 3888 assequendum,

402 3934 422 3981 a
453 3931 500 3984 ac
529 3903 779 3984 retinendum
808 3905 970 3984 nomine
984 3907 1024 3985 S.
1041 3906 1169 4002 Sedis,
1190 3905 1299 3986 titulo
1329 3905 1576 3985 administra·

404 4059 424 4106 u
453 4028 583 4128 tionis,
605 4027 723 4110 etiam
751 4029 1011 4127 residentiam,
1032 4030 1094 4110 vel
1115 4057 1207 4110 cum
1221 4031 1447 4110 animarum
1466 4055 1574 4120 cura,

404 4183 424 4228 a
454 4153 672 4234 dummodo
702 4152 858 4233 aliunde
886 4152 949 4232 ille
977 4153 1120 4257 dignus
1149 4154 1263 4234 fuerit
1291 4183 1327 4234 ».

480 4277 729 4382 Quandoque
758 4276 856 4356 ratio
886 4277 1076 4383 temporis
1119 4279 1250 4383 exigit,
1281 4287 1323 4359 ut
1364 4304 1446 4358 non
1482 4277 1575 4356 reti-

399 4403 547 4502 piosas,
578 4401 647 4480 sed
685 4401 795 4482 Ordo
836 4410 942 4508 petat
984 4429 1056 4509 pro
1092 4430 1139 4483 eo
1176 4402 1489 4484 habilitationem
1523 4400 1573 4482 ad
