3550 5434
681 539 824 595 ..33-

163 731 298 798 torum
328 727 492 798 exactae
519 717 757 798 Communis
777 719 828 798 ad
847 719 1021 796 formam
1041 742 1183 796 eorum
1212 717 1343 797 decre

163 851 299 924 torum
328 842 378 922 ab
408 842 598 922 omnibus
626 842 841 947 Religiosis
870 843 939 949 qui
975 843 1016 922 in
1057 841 1340 939 Conventibus

162 967 235 1047 ubi
277 966 487 1074 recipiendi
529 965 675 1046 Novitii
713 976 750 1047 et
790 969 971 1048 Professi
1012 965 1206 1048 educandi
1235 977 1341 1065 sunt,

162 1093 444 1192 morabuntur,
470 1092 633 1172 omnino
653 1095 886 1174 servandae.
906 1095 1133 1200 Postquam
1149 1118 1246 1170 vero
1268 1093 1343 1172 Re-

162 1217 349 1322 gularem
372 1216 682 1317 observantiam,
703 1225 742 1298 et
769 1217 977 1322 signanter
995 1217 1129 1324 quoad
1157 1225 1342 1297 exactam

163 1341 290 1422 vitam
332 1369 603 1440 communem,
633 1369 727 1422 cum
769 1343 912 1423 effectu
954 1342 1168 1423 stabilitam
1206 1341 1342 1439 fuisse,

164 1476 251 1546 tam
288 1493 339 1544 ex
377 1466 612 1547 eorumdem
654 1467 917 1574 Superiorum
960 1466 1231 1563 Generalium,
1270 1492 1344 1546 seu

163 1589 479 1670 Provincialium
521 1590 723 1692 relatione,
753 1619 876 1698 quarn
918 1590 1154 1698 Praepositi,
1184 1600 1222 1670 et
1248 1592 1344 1670 Fra·

165 1729 274 1797 trum
303 1715 343 1792 in
371 1715 558 1821 praelatis
592 1716 863 1798 Conventibus
905 1715 1136 1821 degentium
1173 1715 1263 1822 jure
1286 1715 1346 1821 ju-

164 1839 295 1920 rando
337 1840 496 1921 firmato
538 1841 799 1939 Testimonio,
829 1869 905 1922 nec
946 1868 1029 1921 non
1057 1868 1129 1948 per
1169 1849 1347 1921 secretas

164 1964 482 2063 informationes
525 1975 643 2072 atque
684 1966 817 2066 etiam,
860 1966 929 2046 ubi
971 1993 1077 2074 opus
1118 1966 1245 2065 fuerit,
1274 1993 1347 2072 per

165 2088 426 2196 Apostolicos
456 2090 693 2171 Visitatores
722 2093 772 2171 ad
802 2089 879 2170 hoc
908 2090 1130 2197 specialiter
1159 2090 1347 2197 deputan-

166 2215 257 2312 dos,
278 2213 401 2294 cirtem
428 2215 535 2299 Sac:
567 2213 700 2321 Conps
728 2217 969 2322 sufficienter
997 2217 1224 2314 constiterit,
1253 2224 1348 2295 tnnc

167 2338 378 2418 Sanctitas
406 2338 494 2418 Saa
522 2339 765 2419 antedictam
801 2341 1032 2422 Lmnnrmn
1060 2367 1182 2447 quarn
1218 2340 1348 2420 bacte-

167 2491 246 2541 nas
275 2462 437 2560 distulit,
468 2461 665 2546 Novmros
683 2489 741 2544 1131
758 2489 991 2546 accursum
1014 2489 1194 2546 sarram
1213 2489 1347 2547 conce

167 2611 251 2668 Dm
279 2593 316 2666 et
343 2589 494 2668 Locanr
523 2589 581 2668 acl
614 2589 833 2690 Professor
862 2589 1015 2697 pictate
1053 2598 1090 2668 ct
1118 2591 1267 2668 Litoris
1295 2591 1350 2667 in-

168 2711 389 2792 stituendos
417 2740 540 2820 usqne
582 2713 639 2792 acl
678 2713 959 2794 Sacerdotium
995 2715 1054 2794 ecl
1093 2715 1197 2792 alias
1216 2715 1348 2818 jacta

173 2835 485 2917 Constantianos
513 2847 549 2918 ct
578 2837 799 2917 audatius
828 2838 1019 2945 cujusque
1050 2837 1211 2918 Ordinis
1252 2836 1350 2917 Con-

169 2960 398 3040 sactadincs
421 2963 460 3041 in
478 2961 614 3042 ionem
638 2961 907 3058 Conventibus,
927 2989 1007 3042 non
1025 2971 1161 3042 antem
1189 2964 1228 3041 in
1247 2963 1348 3062 aliis,

168 3087 253 3166 nasi
273 3087 429 3187 scierint
458 3086 634 3192 ejusdcm
662 3089 952 3186 obseruantiac,
982 3088 1204 3168 destinabit.

253 3211 299 3290 P.
329 3212 365 3291 3.
397 3259 446 3271 -
476 3215 588 3309 Quae
618 3211 779 3319 quidem
809 3214 946 3293 omnia
974 3240 1054 3319 quo
1083 3212 1248 3312 facilius
1269 3214 1350 3293 effi-

169 3335 320 3433 cacius,
364 3346 402 3416 et
444 3336 664 3417 durabilius
706 3338 757 3417 ad
798 3338 959 3443 praxim
1000 3337 1141 3416 deduci
1179 3336 1347 3434 valeant,

171 3460 316 3541 eadem
344 3461 469 3541 Sacra
497 3460 762 3565 Congregatio
791 3461 1017 3542 Sanctitatis
1045 3462 1152 3541 Suae
1185 3461 1351 3541 auctori-

171 3591 252 3666 tate
281 3585 501 3684 committit,
518 3597 558 3667 et
583 3586 625 3664 in
645 3586 800 3666 Virtute
819 3587 859 3668 S.
880 3576 1138 3668 Obedientiae
1161 3585 1350 3692 praecipit

174 3709 364 3817 praefatis
391 3709 686 3816 Superioribus
717 3712 767 3791 ad
796 3738 899 3818 quos
926 3711 1106 3818 pertinet,
1150 3711 1259 3790 utin
1287 3738 1352 3790 su-

175 3835 364 3943 pradictis
392 3834 663 3917 Conventibus
691 3862 772 3915 non
800 3835 995 3917 collocent
1022 3836 1097 3916 nisi
1122 3834 1352 3939 Religiosos

173 3985 337 4066 gravae,
358 3960 536 4057 devotos
559 3960 810 4067 exemplares
830 3961 1047 4065 Regularis
1061 3960 1350 4058 observantiae,

173 4095 213 4165 et
241 4083 422 4190 puritatis
450 4084 632 4190 Regulae
660 4084 875 4185 studiosos
919 4084 1087 4165 orationi
1116 4083 1351 4190 praesertim

173 4237 223 4292 ac
251 4208 556 4308 mortificationi,
586 4211 673 4288 sine
702 4209 848 4316 quibus
876 4236 958 4289 non
991 4217 1120 4316 potest
1147 4207 1353 4312 Religiosa

174 4334 256 4414 vita
285 4333 516 4428 consistere,
547 4333 737 4431 addictos
767 4334 915 4442 quique
943 4334 1192 4415 consentiant
1214 4341 1353 4413 exacte

173 4483 342 4538 servare
369 4457 492 4538 vitam
533 4484 806 4559 communem,
851 4469 970 4565 atque
1010 4458 1100 4539 inde
1141 4465 1353 4538 amoveant
