3550 5434
720 555 860 610 ..93-

203 764 224 812 a
254 734 480 814 cboandum
525 761 548 814 a
576 736 639 815 die
667 735 926 817 intimationis
967 736 1188 842 praesentis
1217 738 1372 819 Decreti

202 888 222 936 a
254 859 455 939 faciendae
483 859 800 941 provincialibus
843 861 1080 940 eorumdem
1110 861 1307 942 Ordinum
1337 874 1373 942 et

201 1013 222 1062 a
253 984 620 1089 Congregationum
649 985 688 1064 in
715 987 908 1066 Romana
940 987 1067 1065 Caria
1100 987 1372 1067 existentibus

201 1139 222 1186 a
254 1110 371 1206 Quod
399 1111 432 1190 si
461 1111 649 1218 praedicti
690 1112 927 1218 Superiores
969 1113 1167 1218 praesenti
1204 1115 1374 1194 Decreta

202 1261 223 1310 a
248 1238 486 1342 peremnia
514 1261 596 1316 non
624 1236 840 1342 paruerint,
871 1246 939 1316 aut
980 1237 1111 1344 aliqua
1140 1237 1226 1344 ejus
1263 1246 1375 1344 parte

200 1387 222 1436 a
254 1361 582 1460 contravenerint‚
604 1388 779 1469 poenam
800 1365 1036 1470 priuatiom's
1069 1363 1306 1466 (flandritam
1337 1374 1375 1444 et

202 1514 224 1562 a
254 1483 487 1590 officioram,
531 1512 634 1591 quae
676 1494 769 1566 tunc
810 1487 1003 1593 temporis
1044 1486 1289 1583 obtinebunt,
1329 1514 1376 1567 ac

202 1637 224 1686 «
254 1617 444 1715 perpetuo
473 1609 725 1692 inhabilitatis
754 1612 804 1692 ad
832 1610 909 1711 illa,
929 1613 989 1691 vel
1012 1611 1088 1691 alia
1106 1611 1146 1690 in
1167 1620 1373 1718 posterum

201 1761 223 1810 a
255 1732 479 1834 obtinenda,
510 1738 686 1842 uocisque
714 1739 864 1817 actiaca
894 1747 931 1817 et
951 1738 1137 1845 passione
1165 1736 1252 1842 ipsc
1272 1737 1375 1816 facto

202 1887 225 1936 «
256 1856 408 1964 absque
436 1858 513 1938 alia
541 1860 806 1942 declaratione
834 1859 1050 1941 incurrant.
1082 1861 1176 1939 Non
1209 1859 1373 1942 obstan-

201 2009 223 2057 «
256 1979 373 2082 tibus,
393 1984 525 2088 quoad
545 1984 678 2064 omnia
701 1984 940 2090 supradicta,
957 1984 1185 2090 privilegiis,
1202 1983 1375 2082 indultis,

202 2135 226 2184 a
255 2119 294 2186 et
321 2109 687 2205 consuetudinibus
716 2111 962 2216 caeterisque
976 2108 1187 2190 contrariis
1216 2109 1377 2216 quibus·

201 2258 224 2307 a
256 2257 429 2338 cumque
460 2261 516 2326 ».¹

282 2354 346 2432 Ex
374 2352 506 2434 relatis
536 2353 667 2434 verbis
696 2354 919 2434 clarissime
947 2354 1153 2462 expressis
1178 2354 1256 2433 cluo
1285 2381 1376 2433 con-

197 2475 323 2554 stituit
351 2478 565 2557 Romanus
594 2480 779 2559 Pontifex
808 2479 935 2559 Clam.
964 2479 1017 2557 X.

337 2602 375 2680 1⁰
401 2601 540 2682 Clerici
582 2630 655 2682 seu
683 2604 889 2684 Choristae
932 2630 1013 2683 non
1042 2611 1212 2709 possunt
1253 2602 1373 2706 recipi

197 2723 252 2802 ad
281 2723 542 2806 habitandam
569 2726 670 2806 intra
698 2727 880 2807 Claustra
909 2726 986 2806 nisi
1017 2726 1215 2832 completa
1249 2732 1375 2804 aetate

197 2847 419 2955 quindecim
448 2877 659 2932 annorum.

336 2977 377 3053 2⁰
404 2974 483 3054 Alii
511 3003 607 3057 vero
640 2978 836 3073 Concersi,
872 2977 1075 3073 Ternarii,
1109 2973 1253 3069 Ollaa,
1291 2977 1376 3055 Do-

197 3100 298 3194 nati,
327 3097 561 3199 Sardeates,
582 3103 780 3210 Hospita,
802 3102 1064 3180 Postulantcs
1084 3100 1146 3179 vel
1166 3099 1374 3195 CantorcS,

199 3229 272 3304 aut
299 3249 554 3332 quocumque
582 3226 658 3306 alio
687 3227 850 3307 nomine
878 3225 1134 3331 nuncupati...
1169 3251 1252 3304 non
1280 3250 1377 3330 pos·

198 3354 297 3426 sunt
324 3349 475 3429 admitti
502 3371 556 3424 An
580 3367 853 3424 namrauuuu
881 3350 983 3433 intra
1011 3349 1194 3430 Claustra
1222 3351 1299 3426 nisi
1324 3349 1376 3427 ci-

196 3473 390 3576 pesimum
419 3479 563 3555 aetatis
590 3503 689 3556 succ
717 3503 866 3556 annum
894 3476 1148 3582 conpleverint.

284 3599 396 3694 Quae
423 3601 557 3698 verba,
587 3600 695 3681 nulla
715 3609 819 3681 certe
838 3600 1016 3704 indigent
1044 3595 1373 3704 interpretatione.

285 3725 407 3804 Hisce
435 3726 574 3831 positis
615 3727 825 3806 veniamus
867 3725 917 3804 ad
946 3750 1067 3804 casus
1104 3720 1375 3828 particulares

339 3853 379 3931 1⁰
406 3855 466 3933 De
499 3853 689 3933 Cborratis
719 3900 768 3912 —
797 3849 1004 3932 Cboristae
1031 3847 1150 3953 igitur
1179 3874 1259 3925 non
1287 3871 1378 3951 pos-

198 3983 299 4054 sunt
326 3977 446 4084 recipi
475 3979 525 4059 ad
544 3977 804 4058 habitandum
833 3975 872 4054 in
892 3974 1085 4055 Claustris
1105 3971 1180 4051 nisi
1201 4018 1251 4030 -
1277 3997 1376 4049 com-

198 4101 311 4208 pleta
339 4111 472 4183 aetate
499 4129 698 4183 annorum
726 4101 955 4208 quindecim.

285 4227 389 4323 Quid
417 4227 450 4307 si
493 4227 665 4308 habeant
707 4252 836 4306 annos
864 4251 927 4304 ex.
958 4250 1017 4329 gr.
1047 4219 1377 4330 quatuodecim?

260 4354 593 4434 “Recurrendum
622 4363 683 4432 est
711 4353 760 4431 ad
788 4353 828 4432 S.
858 4346 1233 4453 Congregationem
1273 4369 1379 4450 quae

204 4479 434 4560 examinata
475 4477 753 4559 informatione
794 4484 831 4555 et
873 4484 965 4554 voto
1007 4475 1053 4553 P.
1097 4468 1378 4551 Procuratoris
