3550 5434
1825 506 2110 562 -90-

1838 792 1908 895 g.
1970 794 2106 871 3³¹⁸

793 1005 923 1085 De
977 1004 1571 1084 Postulantium
1623 1005 1939 1100 Natali,
2000 1005 2378 1097 moribuS,
2419 1004 2600 1100 vita,
2636 1005 2917 1107 sama,
2979 1028 3153 1081 con·

1240 1164 1553 1263 ditione,
1613 1164 2103 1260 educatione,
2163 1166 2492 1244 scientia
2548 1169 2688 1243 etc.

952 1434 1157 1512 Cum
1216 1432 1295 1511 in
1353 1429 1712 1512 Ecclesia
1770 1433 1915 1512 Dei
1974 1458 2260 1511 omnes
2318 1431 2490 1538 ejus
2550 1430 2787 1510 divini
2840 1431 3150 1512 Institu-

793 1557 988 1637 toris
1045 1557 1606 1663 perfectionem.
1693 1557 2091 1664 respicere
2174 1557 2537 1654 debeant,
2624 1563 2931 1663 oportet
3005 1582 3149 1636 eos

795 1682 1072 1789 procul
1161 1681 1478 1781 habere,
1566 1683 1700 1790 qui
1758 1685 1992 1762 etiam
2081 1683 2321 1787 longe
2377 1681 2594 1761 illam
2654 1680 3145 1761 obumbrare

795 1817 1441 1915 praesumuntur.
1484 1808 1693 1888 Hinc
1732 1808 2100 1914 personis
2143 1807 2366 1887 facile
2401 1807 2661 1887 aditus
2692 1833 2855 1885 non
2890 1806 3144 1905 datur,

800 1960 1007 2040 quae
1062 1933 1446 2014 canonico
1504 1932 2071 2038 impedimento
2131 1931 2521 2032 laborant,
2581 1939 2656 2011 et
2712 1958 2914 2037 quas
2960 1931 3147 2009 irre-

795 2058 1119 2162 gulares
1175 2084 1589 2137 vocamus.
1631 2060 1854 2153 Quae
1912 2057 2453 2161 irregularitas
2493 2056 2847 2162 procedit
2886 2054 3009 2134 vel
3038 2083 3141 2135 ex

799 2185 1123 2262 crimine
1181 2229 1281 2242 —
1339 2182 1463 2262 vel
1520 2209 1621 2260 ex
1677 2182 1943 2288 aliquo
2031 2185 2205 2262 vitio
2265 2229 2363 2240 -
2424 2180 2547 2260 vel
2630 2181 2971 2286 denique
3036 2206 3138 2259 ex

795 2308 1134 2412 desecta.
1197 2308 1432 2386 Nunc
1472 2306 1737 2386 laxata
1775 2306 2189 2387 severitate
2229 2306 2597 2413 antiquae
2630 2304 3139 2410 Disciplinae,

794 2457 889 2512 ea
945 2432 1331 2512 duntaxat
1387 2432 1725 2509 crimina
1781 2429 2440 2534 irregularitatem
2483 2430 2892 2525 inducunt,
2936 2456 3141 2534 quae

794 2555 1203 2634 infamiam
1244 2556 1616 2635 afferunt:
1659 2563 1733 2634 et
1771 2554 2182 2634 criminosi
2221 2553 2460 2661 hujus
2490 2552 2831 2658 generis,
2866 2579 3146 2659 quam-

794 2680 916 2757 vis
974 2679 1072 2758 ad
1130 2678 1693 2786 poenitentiam
1750 2678 2286 2776 admittantur,
2348 2705 2393 2757 a
2432 2679 2511 2758 S.
2553 2679 2638 2759 C.
2682 2676 3143 2757 ministeriis

796 2805 1288 2900 exercendiS,
1347 2815 1422 2883 et
1505 2803 1606 2883 ab
1690 2804 2119 2883 emittenda
2202 2803 2701 2910 professione
2765 2801 3145 2907 religiosa

797 2927 1308 3034 repelluntur.

957 3056 1084 3131 Ex
1168 3053 1482 3156 defecta
1568 3056 1926 3161 corporis
2010 3051 2530 3159 prohibentur
2621 3052 2694 3147 ii,
2790 3077 3145 3158 quorum

797 3178 1258 3258 deformitas
1316 3177 1922 3257 admirationem
1996 3187 2287 3257 movet.

957 3303 1083 3380 Ex
1140 3302 1315 3379 viiio
1371 3327 1624 3380 sanae
1661 3302 1937 3378 mentis
1975 3299 2152 3378 illos
2192 3300 2673 3405 irregulares
2723 3299 3145 3400 habemuS‚

798 3423 929 3528 qui
988 3422 1381 3518 haeretici,
1441 3422 1951 3515 schismatici,
2015 3433 2420 3530 apostatae
2479 3424 3142 3520 nominantur;et

798 3549 1051 3627 donec
1083 3548 1160 3625 in
1192 3547 1345 3627 hoc
1376 3555 1581 3628 statu
1622 3557 2159 3655 perseverant,
2201 3549 2438 3627 etiam
2469 3558 2654 3631 sunt
2685 3547 3140 3655 repellendi.

954 3673 1161 3768 Quid
1219 3672 1643 3753 dicendum
1700 3673 1798 3752 de
1857 3672 2005 3771 his,
2068 3699 2416 3778 quorum
2474 3682 2695 3779 pater
2780 3700 3143 3780 avusque

796 3794 1164 3875 haeretici
1222 3803 1431 3894 sunt,
1492 3804 1565 3875 et
1621 3794 1990 3875 haeretici
2051 3796 2621 3877 decesserunt?
2660 3844 2761 3856 —
2802 3797 3006 3892 Quid
3046 3797 3148 3876 de

795 3918 913 4017 iis,
975 3918 1108 4025 qui
1167 3928 1416 3999 eoett‘a
1469 3923 1787 4027 nuptias
1845 3920 2006 3999 nati
2067 3922 2307 3999 sunt?

959 4045 1166 4122 Tam
1222 4047 1364 4123 uni
1414 4072 1656 4151 quam
1715 4046 1963 4124 alteri
2011 4071 2113 4123 ex
2171 4074 2260 4124 se
2316 4054 2804 4152 respuuntur
2862 4073 2908 4125 a
2976 4046 3152 4153 plu-

798 4167 1024 4246 rimis
1081 4194 1182 4247 ex
1242 4168 1675 4249 Ordinibus
1733 4168 2195 4273 Religiosis.

957 4292 1265 4371 Tamen
1322 4293 1792 4398 Superiores
1850 4293 2344 4399 plerumque,
2423 4292 2747 4399 praevio
2825 4302 3140 4373 maturo

797 4416 1166 4495 examine
1222 4444 1466 4523 super
1522 4417 1755 4497 bonis
1842 4418 2206 4497 moribus
2290 4417 2662 4524 bonaque
2729 4418 3150 4498 Postulan-
