3550 5434
722 563 888 638 -ee-'

203 774 326 861 crete,
355 762 396 841 in
424 790 503 870 quo
533 764 670 844 omnia
697 762 868 843 mirabili
890 762 1030 843 ordine
1048 770 1086 842 et
1104 761 1383 869 perspicuitate

203 897 300 969 sunt
326 885 544 970 declarata:
574 887 732 968 interim
762 915 837 967 nos
867 897 947 970 tres
977 886 1242 994 proponimus
1261 913 1384 994 quae-

205 1012 371 1093 stiones:

339 1139 379 1216 1⁰
407 1137 509 1234 Quid
538 1136 574 1217 si
602 1166 702 1218 unus
722 1138 782 1217 vel
800 1139 937 1245 plures
964 1136 1273 1217 Examinatores
1287 1143 1384 1215 tem-

202 1288 303 1370 pore
330 1261 449 1341 officii
478 1288 530 1341 ex
570 1262 646 1342 hac
674 1263 753 1344 vita
797 1262 1010 1358 decedant;
1052 1260 1167 1341 vela
1204 1261 1382 1366 praelato

201 1412 371 1470 munere
413 1414 458 1468 se
500 1387 695 1467 dimittant
724 1434 774 1446 -
803 1386 1008 1492 quomodo
1050 1386 1101 1466 ad
1143 1385 1379 1466 eorumdem

201 1510 438 1594 electionem
465 1512 765 1619 procedendum
799 1512 899 1594 erit‘l

337 1637 381 1714 2⁰
406 1635 510 1738 Quid
538 1636 573 1715 si
601 1636 740 1743 procul
771 1663 793 1716 a
821 1639 956 1718 Domo
984 1633 1170 1718 Scrutinii
1189 1659 1380 1714 commo·

201 1765 372 1840 rantur?

337 1885 378 1964 3⁰
405 1891 472 1966 An
501 1884 692 1994 Superior
720 1886 868 1984 Gentis,
899 1887 966 1994 qui
995 1885 1173 1965 secundo
1189 1884 1380 1965 scrutinio

199 2009 424 2116 praefuerit,
455 2036 508 2089 ex
534 2009 648 2092 iustis
677 2018 714 2089 et
742 2010 1045 2091 rationabilibus
1073 2009 1208 2090 causis
1240 2009 1382 2089 Condi-

199 2135 342 2214 datum
369 2133 531 2214 reiicere
560 2135 699 2241 possit,
729 2137 915 2242 quamvis
944 2135 995 2216 ab
1024 2134 1380 2217 Examinatorihus

200 2258 243 2336 in
272 2269 442 2366 utroque
471 2260 662 2339 scrutinio
692 2259 985 2368 approbatum?

283 2389 350 2462 An
378 2410 472 2463 eum
500 2384 707 2464 admittere
734 2385 874 2492 possit,
904 2383 972 2490 qui
999 2383 1115 2464 fuerit
1135 2383 1185 2464 ah
1219 2382 1380 2466 Exami-

200 2507 412 2587 natorihus
441 2508 705 2616 reprobatus?

282 2633 348 2713 Ad
370 2634 549 2742 primam
591 2633 868 2740 quaestionem,
913 2660 1016 2740 quae
1058 2659 1178 2739 saepe
1216 2633 1378 2738 saepius

198 2757 404 2862 proposita
434 2757 561 2837 estin
590 2758 909 2862 Congregatione
938 2756 987 2836 ab
1017 2757 1210 2837 interesse
1229 2756 1378 2838 hahen-

198 2880 317 2980 tibus,
338 2881 631 2988 respondemus
650 2882 857 2962 referendo
877 2881 1122 2961 decisionem
1140 2881 1378 2963 existentem

199 3006 241 3084 in
268 3004 601 3086 declarationibus
630 3033 752 3113 super
793 3008 965 3087 Decreta
994 3053 1046 3066 -
1074 3007 1275 3112 Requlari
1308 3007 1379 3086 Di-

197 3132 384 3238 sciplinae
413 3175 465 3190 ·—
493 3131 598 3237 apud
628 3131 804 3211 Bizzarri
834 3132 873 3210 in
903 3158 979 3211 sua
1007 3131 1269 3231 Collectanea‚
1303 3133 1378 3213 Pa-

199 3255 295 3360 gina
322 3255 413 3337 893.

279 3379 452 3461 Scilicet:
481 3381 670 3461 Servetur
698 3380 913 3462 methodus
933 3381 973 3475 in
993 3381 1055 3462 cit.
1076 3383 1194 3462 Decr.
1216 3394 1287 3462 art.
1310 3383 1375 3462 lll.

198 3511 239 3585 et
267 3506 334 3584 lV.
364 3505 403 3583 in
432 3505 511 3584 fine
540 3511 578 3584 et
605 3513 676 3584 art.
706 3507 793 3584 Vll.
823 3506 1071 3612 praescripta
1090 3533 1163 3612 pro
1185 3505 1376 3586 electione

198 3629 547 3729 Examinatorum,
577 3631 644 3737 qui
673 3630 840 3734 eligendi
856 3638 971 3711 erunt
992 3630 1125 3711 statim
1144 3639 1235 3737 post
1250 3631 1376 3710 latum

197 3755 306 3835 idem
334 3758 560 3852 Decretum,
591 3763 628 3834 et
656 3766 746 3834 ante
776 3755 1086 3836 celebrationem
1118 3754 1293 3861 proximi
1323 3756 1376 3834 l·

197 3879 275 3960 turi
303 3879 479 3990 Capituli,
510 3880 571 3960 vel
600 3879 773 3960 Diaetae.
796 3880 1106 3960 Examinatores
1125 3879 1314 3959 sic-electi
1335 3880 1376 3959 in

197 4003 332 4083 officio
360 4003 575 4110 perdurent
602 4031 730 4112 usque
760 4005 809 4084 ad
853 4003 1162 4084 celebrationem
1201 4004 1377 4110 proximi

197 4127 377 4233 Capituli,
398 4127 460 4208 vel
480 4127 654 4209 Diaetac.
676 4132 788 4225 Quae
808 4119 1023 4208 methodus
1043 4127 1162 4208 etiam
1181 4136 1375 4224 servetur,

197 4252 360 4359 quando
402 4279 454 4331 ex
493 4254 534 4332 S.
577 4253 692 4335 Sedis
734 4253 1044 4359 dispensatione,
1092 4254 1273 4360 Capitula
1314 4251 1376 4332 vel

196 4375 361 4456 Diaetae
388 4403 472 4456 non
500 4377 763 4473 celebrantur,
793 4386 830 4457 et
859 4378 997 4458 electio
1025 4378 1289 4484 Superiorum
1305 4405 1377 4484 per

197 4503 413 4582 Decretum
441 4501 481 4583 S.
510 4501 638 4603 Sedis,
668 4501 730 4581 vel
758 4528 829 4609 per
858 4501 1029 4583 schedas
1062 4502 1142 4582 fiat.
