3550 5434
778 505 943 561 -205-

228 757 237 768 ,
259 689 357 762 tunc
376 682 580 764 Ordinarii
599 683 679 764 loci
698 694 869 790 possunt
889 711 955 765 eos
974 687 1098 765 etiam
1118 689 1299 784 uisitare,
1323 693 1450 770 corri-

257 834 362 914 pere
389 818 428 888 ct
450 811 614 915 punire.

342 935 410 1014 Ait
438 960 536 1013 sane
554 935 786 1022 Tridentino
807 936 998 1041 Synodus
1020 937 1060 1014 in
1075 937 1168 1043 Cap.
1191 939 1227 1017 3.
1248 939 1357 1019 Sess.
1379 941 1448 1019 VI.

259 1060 312 1138 de
330 1059 634 1139 Reformatione
653 1091 674 1140 a
693 1060 968 1141 Ecclesiarum
990 1062 1161 1142 Praelati
1183 1064 1231 1142 ad
1253 1064 1450 1168 corrigen-

262 1213 285 1257 ι(
315 1185 413 1265 dum
440 1183 694 1264 subditorum
713 1211 908 1264 excessus
923 1186 1144 1291 prudenter
1173 1213 1220 1266 ac
1244 1171 1449 1292 diligenter

264 1338 287 1386 «
316 1309 529 1408 intendant,
561 1317 598 1390 et
625 1337 744 1390 nemo
775 1312 980 1415 reputaris
1011 1319 1121 1390 extra
1153 1313 1446 1393 Monasterium

264 1463 287 1512 a
316 1434 466 1538 degens
481 1434 600 1514 etiam
617 1436 684 1514 sai
702 1433 873 1513 Ordinis
883 1436 1321 1542 prioilcpiipraetcsta
1336 1445 1446 1518 tatas

264 1587 287 1633 «
316 1566 539 1653 censeatur,
556 1583 633 1664 qao
653 1559 787 1635 minus
806 1583 843 1638 si
861 1581 1109 1650 unumunurn
1130 1562 1181 1638 ab
1216 1559 1445 1640 Ordinario

265 1713 287 1760 «
315 1683 405 1781 loci,
435 1691 629 1789 tanquam
656 1709 777 1788 saper
808 1683 938 1762 hoca
971 1682 1073 1762 Sede
1101 1684 1445 1791 ApostolicaDe·

265 1838 287 1886 «
315 1808 446 1913 legato
481 1807 698 1886 secandam
740 1809 962 1887 canonicas
1003 1811 1231 1889 sanctiones
1258 1835 1444 1906 mamam,

263 1961 287 2008 a
314 1955 479 2014 OORRIGI
497 1957 549 2013 nr
576 1955 716 2012 Pomm
744 1955 908 2012 vanum
939 1960 974 2012 n.

340 2060 591 2166 Quandoque
618 2069 752 2139 autem
771 2060 931 2138 evenire
951 2059 1052 2138 solet
1072 2066 1115 2138 ut
1134 2058 1335 2163 Episcopi,
1357 2058 1443 2137 sive

257 2184 413 2263 ratione
441 2185 645 2291 temporis,
688 2185 773 2264 sive
816 2184 893 2264 alia
934 2184 1108 2288 legitima
1151 2209 1273 2262 causa
1303 2185 1443 2288 (quam

258 2307 348 2388 heic
388 2309 614 2412 significare
662 2309 889 2388 necessario
926 2335 1008 2387 non
1045 2308 1342 2410 existimamus)
1374 2332 1442 2385 ne-

258 2441 411 2539 queunt
423 2461 565 2512 eorum
584 2434 859 2514 auctoritatem
875 2432 925 2513 ad
936 2434 1109 2534 sormam
1119 2432 1223 2538 juris
1238 2457 1440 2525 exercere;

258 2565 298 2636 et
325 2566 458 2638 tamen
485 2557 712 2664 Apostatae
741 2585 788 2637 ac
816 2559 1002 2660 Fapitioi
1028 2556 1151 2635 vitam
1180 2556 1330 2634 ducunt
1358 2580 1439 2632 non

256 2681 299 2758 in
328 2681 641 2762 aedificationem
668 2681 1002 2778 Christitidelium‚
1038 2680 1108 2759 sed
1138 2679 1269 2785 potius
1299 2679 1338 2756 in
1377 2680 1441 2758 de-

256 2806 519 2885 structionem
545 2807 658 2902 fidei3
688 2815 725 2886 et
752 2815 847 2885 tunc
876 2805 970 2912 quid
999 2805 1236 2910 agendum?

339 2931 382 3008 Id
411 2931 519 3035 quod
549 2939 672 3034 agunt
699 2929 859 3036 plurimi
896 2928 1137 3034 Superiores
1167 2927 1342 3023 Ordinis,
1372 2927 1440 3032 qui

257 3053 300 3134 S.
331 3054 694 3160 Congregationem
736 3054 894 3151 adeunt,
939 3062 976 3133 et
1005 3053 1055 3132 ab
1098 3081 1145 3133 ea
1187 3051 1440 3132 facultatibus

256 3179 495 3259 necessariis
511 3187 548 3258 et
562 3178 798 3285 opportunis
812 3177 1050 3276 consecutis,
1063 3186 1200 3257 contra
1212 3177 1252 3255 A
1255 3183 1440 3284 postatas

257 3311 297 3382 et
322 3303 364 3381 F
363 3305 534 3407 apitioos
562 3304 664 3410 juris
693 3303 831 3382 ordine
861 3309 1031 3400 servato,
1049 3311 1247 3406 quatenus
1269 3299 1354 3379 fieri
1374 3326 1441 3406 po-

256 3427 358 3522 terit,
375 3429 591 3534 procedere
606 3437 813 3507 conantur.
830 3427 976 3506 Sciant
989 3451 1090 3508 num
1107 3451 1263 3506 paruus
1283 3425 1440 3504 Iusrau-

257 3572 352 3629 unu
369 3574 566 3635 Junrcruu
583 3576 638 3632 Aa
657 3552 852 3632 Ominum
871 3572 1115 3630 rnnmunnu.

337 3674 441 3755 Hinc
461 3676 592 3755 tribus
605 3677 770 3756 monitis
790 3675 976 3754 inutiliter
991 3672 1226 3779 praemissis
1242 3718 1259 3730 -
1275 3675 1439 3753 Fomuu

257 3801 531 3879 accusationis
554 3800 738 3904 Fugitivo
768 3801 829 3879 vel
850 3805 1070 3905 Apostatae
1085 3798 1240 3876 tradere
1269 3797 1438 3875 faciunt:

255 3949 432 4029 eumque
461 3926 510 4004 ad
541 3925 601 4004 sui
627 3925 953 4032 justificationem
983 3947 1121 4001 coram
1155 3917 1438 4025 Superioribus

257 4060 411 4129 vocant.

336 4177 380 4252 [n
398 4175 599 4280 praedicto
620 4174 662 4251 F
661 4175 752 4269 olio,
772 4178 971 4278 quatenus
991 4171 1029 4249 id
1049 4169 1257 4276 prudentia
1273 4167 1437 4247 minime

255 4298 472 4404 prohibeat,
502 4297 783 4380 describuntur
812 4323 883 4402 per
911 4303 1138 4391 extensum,
1169 4291 1435 4372 accusationis

253 4422 393 4529 capita,
425 4432 466 4502 ut
494 4423 710 4529 Inquisitus
738 4421 837 4527 ipsis
874 4419 1119 4526 respondere
1148 4418 1287 4497 valeat.
1317 4415 1435 4513 Quod
