3550 5434
895 541 1092 595 ..52...

380 721 638 802 conventuale
668 721 848 827 ejusdem
891 721 1132 819 Conventus
1163 749 1237 802 seu
1265 724 1426 803 Domus
1465 748 1558 802 cen-

380 851 504 940 vocet,
534 852 576 922 ut
603 841 849 948 Capitulares
869 868 941 946 per
959 851 1114 922 secreta
1134 843 1326 946 suffragiu
1342 842 1554 937 declarent,

379 995 429 1048 an
449 967 633 1046 Novitius
654 967 702 1046 ad
724 966 1017 1072 professionem
1033 966 1183 1046 admitti
1199 967 1337 1073 possit.
1354 968 1556 1074 Deinceps

379 1093 561 1171 omnium
591 1100 770 1170 actorum
800 1098 838 1170 et
856 1091 1133 1171 resultantium
1153 1092 1385 1172 relationem
1405 1092 1555 1199 scripto

378 1225 584 1296 exaratam
614 1215 774 1323 propria
803 1241 926 1294 manu
945 1215 1182 1309 subscribat,
1204 1217 1300 1322 quin
1319 1224 1455 1296 tamen
1470 1244 1554 1316 eos

377 1340 444 1446 qui
473 1347 626 1419 secreto
656 1339 921 1445 deposuerint,
964 1339 1196 1420 ullomodo
1237 1341 1279 1419 in
1313 1341 1473 1447 aliquod
1502 1341 1557 1421 di·

377 1464 552 1543 scrimen
580 1465 762 1544 adducat.

458 1594 544 1668 Art.
592 1589 660 1668 lV.
709 1587 953 1694 Hujusmodi
1000 1589 1232 1669 relationem
1288 1589 1556 1670 Provincialis

377 1712 504 1802 tribus
532 1713 675 1793 saltem
703 1712 1058 1793 Examinatoribus
1087 1712 1406 1794 provincialibus
1448 1740 1555 1796 com-

376 1837 570 1934 municet;
601 1846 638 1916 et
666 1837 846 1918 condicto
889 1837 951 1917 die
979 1846 1171 1918 convocet
1209 1839 1409 1943 praefatos
1450 1842 1556 1920 Exa-

377 1961 594 2041 minatores
624 1969 660 2040 et
691 1961 944 2040 Novitiorum
964 1963 1216 2065 magistrum,
1237 1969 1275 2042 et
1293 1964 1482 2068 praestito
1502 1964 1554 2044 ab

377 2085 565 2165 omnibus
607 2086 792 2192 superius
829 2085 1040 2165 enunciata
1077 2085 1317 2192 juramenta,
1359 2087 1555 2191 Magister

376 2209 630 2290 Novitiorum
658 2211 803 2290 referat
830 2210 878 2288 de
907 2209 1053 2290 Novitii
1082 2209 1225 2314 agendi
1245 2211 1397 2290 ratione
1416 2213 1457 2289 in
1472 2212 1552 2290 No-

375 2334 510 2417 vitiatu
540 2343 709 2432 servata,
739 2334 787 2413 de
816 2334 902 2440 ejus
931 2333 1121 2429 libertate,
1166 2334 1373 2415 vocatione
1409 2342 1446 2414 et
1473 2335 1555 2414 ido-

375 2459 518 2540 neitate
547 2459 597 2538 ad
626 2466 774 2538 statum
795 2459 1042 2562 religiosum,
1063 2468 1101 2537 et
1120 2459 1291 2538 declaret
1309 2468 1445 2539 utrum
1466 2459 1552 2567 ipse

374 2584 414 2662 in
443 2583 618 2664 Domino
648 2583 846 2663 existimet
874 2581 1067 2662 novitium
1087 2583 1136 2662 ad
1156 2583 1449 2689 professionem
1470 2592 1553 2664 tuto

375 2708 524 2787 admitti
556 2733 688 2813 posse.
719 2707 760 2787 Si
789 2733 885 2786 vero
915 2706 1110 2810 Magister
1138 2707 1390 2787 Novitiorum
1411 2708 1473 2787 vel
1493 2734 1554 2788 ra-

374 2832 479 2910 tione
507 2830 727 2924 distantiae,
756 2830 817 2908 vel
847 2830 925 2909 alia
952 2831 1128 2933 legitima
1168 2858 1292 2910 causa
1334 2833 1385 2912 ad
1412 2831 1549 2913 locum

375 2954 552 3036 scrutinii
568 2955 782 3034 commode
797 2955 987 3034 accedere
1001 2965 1182 3061 nequeat,
1198 2956 1411 3034 trasmittat
1429 2983 1552 3062 super

375 3079 609 3187 praemissis
628 3078 861 3158 relationem
876 3078 916 3156 in
936 3078 1105 3185 scriptis,
1122 3079 1309 3185 illamque
1321 3080 1550 3187 juramento

374 3203 596 3300 confirmet,
626 3210 664 3281 et
693 3202 852 3307 propria
881 3228 1005 3281 manu
1025 3201 1263 3283 subscribat.
1285 3204 1550 3284 Prouincialis

375 3327 562 3432 deinceps
590 3335 628 3407 et
655 3327 965 3406 Exarninatores
993 3353 1065 3432 per
1092 3336 1245 3406 secreta
1274 3328 1468 3431 suffragia
1487 3329 1551 3408 de

374 3451 523 3547 finiant,
541 3477 591 3529 an
621 3450 804 3530 Novitius
823 3449 1062 3529 necessariis
1082 3449 1241 3529 dotibus
1262 3450 1466 3555 praeditus
1486 3451 1548 3550 sit,

374 3581 417 3653 ut
445 3575 495 3654 ad
523 3574 814 3680 professionem
844 3583 928 3655 tuto
959 3574 1109 3653 admitti
1138 3575 1275 3679 possit,
1315 3601 1450 3681 super·
1468 3602 1548 3682 quo

374 3724 516 3776 eorum
544 3699 786 3777 conscientia
814 3698 987 3802 graviter
1017 3706 1180 3776 onerata
1211 3707 1429 3778 remaneat.

453 3827 538 3902 Art.
568 3823 619 3900 V.
648 3823 687 3901 Si
719 3822 891 3902 novitius
920 3821 1115 3927 probatus
1134 3822 1261 3920 fuerit,
1283 3823 1549 3904 provincialis

373 3945 638 4026 de'omnibus
667 3946 906 4026 instructum
948 3947 1086 4026 reddat
1126 3946 1385 4052 Superiorem
1419 3949 1551 4028 Gene-

373 4071 510 4167 ralem,
541 4073 607 4178 qui
650 4071 905 4152 ulterioribus
948 4068 1307 4167 informationibus
1350 4083 1549 4178 quatenus

373 4183 646 4275 necessarium
671 4195 918 4300 judicaverit,
960 4194 1171 4300 requisitis,
1215 4195 1549 4300 approbationem

374 4329 542 4418 revocet,
572 4321 634 4400 vel
664 4320 885 4417 confirmet,
908 4327 1025 4426 prout
1045 4319 1084 4397 in
1099 4320 1274 4399 Domino
1298 4320 1547 4426 judicaverit,

374 4445 469 4552 quin
496 4453 630 4524 tamen
649 4470 845 4549 umquam
864 4444 1091 4550 permittere
1110 4443 1236 4548 possit
1256 4445 1549 4550 professionem
