3550 5434
735 945 770 1048 §-
792 945 859 1023 5³¹⁵

310 1175 419 1266 Quid
444 1175 704 1298 capitanatum
733 1175 781 1255 cle
809 1175 1017 1256 Paroolus
1044 1175 1268 1280 Religiosis

378 1337 502 1416 relate
531 1336 588 1415 od
618 1335 852 1444 Conpruam
878 1336 1202 1416 Perochiolem?

280 1589 374 1666 Non
389 1585 503 1693 pauoi
518 1587 754 1694 Superiores
771 1586 975 1693 conquesti
991 1594 1085 1666 sunt
1099 1585 1204 1692 apud
1220 1586 1258 1666 S.
1277 1586 1377 1664 Con-

197 1713 474 1817 gregetionern
491 1714 539 1793 de
554 1713 752 1820 aliquibus
769 1711 980 1818 respectivi
996 1710 1156 1792 Ordinis
1167 1708 1375 1806 parochis,

197 1837 266 1943 qui
295 1837 437 1917 eodem
466 1845 657 1943 ternpore,
688 1864 766 1944 quo
782 1864 875 1916 ourn
890 1836 1008 1916 honis
1022 1838 1251 1916 Conventus
1271 1834 1377 1913 vive-

197 1970 298 2059 rent,
330 1988 470 2041 eorum
498 1987 678 2066 congrua
705 1959 923 2068 parochiali
951 1986 1024 2068 pro
1052 1959 1177 2040 lubitu
1204 1959 1267 2038 usi
1283 1967 1377 2038 sunt

196 2096 314 2166 extra
342 2087 603 2186 Conveniam,
621 2086 705 2166 sive
719 2113 793 2194 pro
809 2085 1073 2191 eleemosynis
1088 2084 1265 2164 fidelium
1285 2110 1378 2163 oon-

195 2211 386 2309 ferendiS,
417 2210 501 2290 sive
529 2238 602 2318 pro
632 2210 1086 2310 eoolesiarestaurande,
1103 2210 1186 2289 sive
1206 2209 1376 2317 denique

194 2363 274 2442 pro
303 2336 491 2442 expensis
518 2336 697 2416 muneris
726 2334 979 2442 paroehialis,
1020 2363 1109 2416 cum
1136 2335 1375 2414 detrimento

194 2461 339 2542 domus
368 2462 613 2566 relipiosoo?

283 2589 357 2664 Ast
384 2586 424 2666 S.
440 2584 705 2688 Congregatio
726 2615 745 2664 «
760 2584 969 2691 perpensis
985 2610 1119 2662 rerum
1139 2581 1333 2688 adjunctis
1350 2611 1371 2658 n

193 2707 354 2788 nullum
382 2707 621 2788 existimavit
662 2707 702 2786 in
732 2735 774 2787 re
799 2707 976 2786 emittere
1000 2705 1211 2813 judicium:
1246 2732 1375 2813 neque

194 2835 402 2914 decretum
432 2831 598 2912 formale
627 2832 665 2912 in
696 2832 873 2912 medium
901 2832 1100 2938 proferre;
1130 2831 1202 2911 sed
1221 2839 1375 2910 tanturn

194 2957 475 3038 consideravit:
496 2959 647 3037 Munus
667 2956 903 3036 Paroohiale
918 2983 1009 3037 esse
1024 2983 1147 3063 penos
1164 2956 1374 3052 Ordinom;

195 3093 233 3162 et
264 3080 507 3186 religiosum,
529 3078 596 3187 qui
624 3081 664 3160 in
693 3090 783 3162 aotu
798 3081 976 3160 officium
995 3089 1165 3180 exercet,
1185 3108 1267 3160 non
1287 3081 1377 3187 jure

194 3203 361 3314 proprio
388 3205 483 3285 illud
512 3231 709 3303 exercere,
727 3205 798 3284 sed
813 3204 976 3284 nornine
994 3205 1246 3297 Mandantis;
1264 3207 1377 3284 Man·

194 3329 396 3413 datarium
425 3340 557 3410 autern
585 3330 779 3409 rationem
808 3330 1015 3411 Mandanti
1034 3330 1199 3409 reddere
1217 3329 1374 3409 debere.

194 3455 309 3536 Hine
336 3455 371 3533 ei
398 3462 492 3534 sunt
527 3455 758 3534 referendae
795 3454 1077 3560 dispositiones
1103 3454 1226 3535 Clem.
1271 3456 1374 3551 VIII,

194 3579 237 3659 in
269 3581 385 3660 Deor.
415 3579 595 3660 General.
625 3576 686 3659 oit.
715 3581 750 3683 ξ.
772 3579 809 3658 2.
839 3578 984 3686 quibus
1013 3579 1268 3686 praecipitur:
1294 3587 1377 3659 «ut

199 3743 219 3782 «
252 3702 387 3784 nullus
415 3731 465 3784 ex
495 3703 694 3800 iratribus
725 3703 845 3784 etiarn
874 3703 908 3782 si
938 3705 1131 3810 superior,
1162 3707 1269 3784 bona
1302 3705 1377 3783 im-

199 3861 220 3907 «
252 3827 428 3928 mobilia,
471 3829 532 3909 vel
574 3827 747 3926 mobilia,
794 3835 862 3908 661
898 3830 1101 3935 pecuniae,
1145 3837 1374 3934 proventus,

199 3987 220 4034 a
253 3981 411 4051 666666,
442 3954 720 4060 eleemosynas
762 3954 846 4034 sive
885 3981 936 4033 ex
970 3954 1252 4050 Conoionibus,
1292 3952 1376 4032 sive

200 4109 220 4156 a
254 4104 307 4157 ex
334 4079 603 4177 Lectionibus
633 4087 670 4159 et
697 4104 772 4184 pro
801 4076 939 4157 missis
967 4079 1104 4157 tamin
1124 4078 1285 4185 propria
1306 4079 1377 4156 Eo-

200 4235 221 4280 «
253 4201 386 4299 alesia,
416 4229 537 4309 quarn
563 4203 805 4310 ubicumque
833 4203 1095 4303 celebrandis,
1121 4205 1247 4283 aliove
1277 4206 1377 4310 ipso-

200 4358 221 4404 «
255 4353 348 4406 ram
361 4351 482 4409 Jusuo
499 4353 667 4422 666666,
683 4336 720 4407 61
735 4356 874 4425 occasu
892 4337 928 4408 et
958 4352 1204 4421 onoouuoun
1222 4353 1376 4409 noninn

201 4487 221 4531 «
254 4451 446 4559 aequisita
475 4452 629 4533 etiarnsi
658 4453 815 4560 piorum
844 4454 1086 4560 largitiones,
1128 4457 1270 4560 legata,
1309 4465 1376 4536 aut
