3550 5434
719 908 753 1012 ἕ·
784 913 852 986 4·““

417 1148 589 1228 Ubinam
617 1148 872 1228 instituendus
900 1145 1163 1226 Nocitintns?

280 1449 349 1530 Ait
375 1450 630 1530 Innocentius
657 1449 746 1529 XII.
777 1448 816 1528 in
844 1449 907 1529 cit.
937 1445 1118 1528 Decretis
1146 1445 1259 1526 editis
1279 1424 1372 1526 ann.

204 1573 318 1656 1695.
348 1576 384 1679 g.
415 1577 451 1654 2.
482 1621 532 1634 -
565 1603 586 1652 n
620 1573 843 1654 Novitiatus
884 1571 1149 1652 instituendus
1190 1569 1231 1648 in
1272 1572 1377 1652 Con-

202 1700 385 1780 ventibus
413 1699 453 1779 in
473 1697 619 1806 quibus
638 1699 857 1804 Reputaris
881 1699 1156 1794 Obseruantia,
1178 1698 1257 1776 cita
1276 1721 1376 1775 corn-

202 1827 340 1924 munis,
370 1835 407 1904 et
436 1832 588 1906 enarra
615 1833 803 1906 seruatur
829 1825 1052 1931 Disciplina
1081 1851 1117 1901 n.

338 1951 377 2030 1ο
404 1951 506 2032 Cum
536 1976 630 2029 vero
666 1950 865 2056 reputaris
893 1946 1150 2029 obseruantia
1182 1946 1376 2027 habeatur

202 2074 243 2154 in
271 2073 553 2172 ConventibuS,
583 2101 685 2180 opus
719 2083 790 2164 est,
835 2083 877 2153 ut
918 2072 1065 2153 familia
1102 2071 1289 2177 religiosa
1326 2072 1376 2152 ad

202 2225 390 2280 normam
432 2198 530 2280 iuris
571 2198 622 2280 sit
663 2199 885 2280 constituta.
925 2197 1024 2278 Inibi
1064 2224 1204 2277 revera
1246 2196 1378 2277 adsint

200 2351 278 2405 sem
294 2323 484 2430 Retiyiosi
492 2324 684 2430 probatae
703 2333 822 2430 atque
840 2333 1022 2404 maturae
1037 2322 1186 2419 aetatis
1203 2347 1377 2428 quorum

202 2447 344 2529 saltem
364 2454 538 2556 quatuor
557 2449 806 2546 Sacerdotes
824 2448 856 2527 si
873 2456 1003 2528 erecta
1022 2456 1116 2526 sunt
1134 2446 1378 2526 monasteria

206 2582 299 2654 ante
325 2575 540 2654 Decretum
569 2571 723 2656 Urbani
753 2575 871 2671 VIII.‚
909 2571 1086 2652 videlicet
1119 2580 1210 2650 aute
1237 2571 1287 2650 21
1323 2569 1376 2649 iu-

203 2697 256 2776 nii
287 2699 405 2779 1625.
435 2745 484 2758 —-
515 2708 694 2803 atquae,
723 2698 757 2778 si
786 2699 915 2777 erecta
949 2703 1043 2776 sunt
1070 2704 1161 2802 post
1202 2695 1241 2775 id
1282 2704 1377 2774 tem·

203 2821 325 2928 poriS,
350 2820 554 2901 duodecim
572 2822 766 2926 Retiyiosi
782 2828 876 2898 actu
903 2821 1171 2928 reperiantur,
1203 2845 1377 2926 quorum

203 2955 292 3026 octo
320 2945 550 3027 Sacerdotio
569 2945 648 3025 sint
666 2944 857 3049 insigniti.
888 2992 939 3004 -
968 2946 1103 3023 lnnoc.
1133 2944 1181 3023 X.
1211 2944 1376 3024 Constit.

202 3068 258 3151 uti
288 3073 328 3150 in
349 3073 501 3180 parcis.
529 3070 741 3150 Monacelli
774 3069 827 3151 tit.
856 3069 895 3149 6.
925 3071 1041 3149 form.
1071 3068 1135 3150 20.
1164 3096 1203 3148 n.
1232 3069 1270 3148 9.

285 3199 363 3274 Ast
390 3203 481 3301 post
507 3193 747 3275 hodiernam
791 3194 989 3275 Ordinum
1027 3192 1377 3300 perturbationem,

203 3319 304 3400 Pius
331 3321 444 3426 Papa
473 3319 557 3419 IX,
576 3319 715 3425 firmis
745 3320 1039 3399 remanentibus
1067 3318 1378 3426 dispositionibus

201 3445 428 3553 apostolicis
456 3446 525 3523 nbi
547 3445 644 3548 fieri
661 3445 811 3552 poterit
840 3491 891 3502 -
919 3470 992 3549 pro
1021 3442 1130 3523 ltalia
1158 3451 1195 3521 et
1232 3442 1378 3521 lnsulis

202 3568 504 3666 AdiaceutibuS,
534 3567 705 3672 henigne
733 3565 905 3665 indulsit,
935 3574 978 3645 ut
1006 3565 1154 3646 familia
1171 3564 1378 3670 Religiosa

204 3694 418 3773 constituta
445 3691 671 3791 haberetur,
701 3691 735 3771 si
764 3691 907 3770 saltem
935 3700 1017 3771 tres
1035 3691 1228 3793 Retipiosi
1242 3692 1380 3772 Sacer-

204 3820 321 3898 dotes
348 3817 388 3898 in
416 3819 623 3898 Conventa
652 3827 856 3897 exstarent
871 3844 881 3914 ;
911 3829 949 3897 et
975 3819 1060 3897 Leo
1079 3815 1185 3895 XIII.
1207 3816 1257 3895 ad
1285 3843 1381 3922 qna-

204 3952 300 4024 tnor
339 3943 480 4022 saltem
521 3941 762 4022 Sacerdotes
803 3940 1034 4047 hujusmodi
1077 3940 1377 4046 dispositionem

204 4066 420 4148 extendere
448 4067 582 4167 voluit.

287 4193 393 4272 Hinc
407 4193 447 4274 S.
463 4191 728 4295 Congregatio
745 4191 1021 4271 necessitatem
1037 4199 1155 4295 atque
1175 4188 1379 4268 utilitatem

204 4316 411 4398 Ecclesiae
453 4326 608 4396 mature
651 4316 924 4414 considerans
967 4313 1222 4422 petitionibus
1259 4314 1382 4419 Supe-

205 4441 362 4521 riorum
390 4439 581 4519 instanter
609 4439 836 4546 propositis
875 4438 910 4518 si
945 4439 1184 4544 quandoque
1222 4437 1382 4543 dispen-
