3550 5434
881 544 1042 602 4178-

374 723 608 823 executioni‚
638 733 818 830 tempore
845 752 1006 834 quoque
1035 726 1309 826 determinato,
1341 727 1551 806 remitti-

373 851 476 946 Quid
504 849 544 928 in
572 849 650 929 hoc
678 877 776 929 casu
796 851 830 930 si
851 852 997 932 Orator
1017 851 1200 931 exhibeat
1219 878 1292 959 pro
1312 852 1551 932 executione

374 973 573 1080 Rescripti
601 975 728 1053 aliam
755 974 1003 1082 Episcopum
1030 975 1271 1056 benevolum
1301 983 1550 1082 receptorem

373 1099 542 1178 atterius
570 1097 795 1177 dioecesis?
813 1098 941 1196 Tunc,
972 1098 1133 1205 praevia
1162 1100 1446 1179 revalidatione
1478 1101 1552 1180 De-

373 1223 480 1321 creti‚
510 1222 561 1301 ad
601 1248 755 1301 novum
798 1222 1058 1302 Ordinarium
1101 1224 1283 1302 executio
1317 1225 1550 1320 remittitur;

251 1438 259 1461 .
373 1355 552 1454 tempore
563 1346 682 1427 etiam
696 1347 971 1444 determinate,
989 1355 1026 1426 et
1041 1347 1209 1428 servatis
1225 1357 1403 1428 ceterum
1419 1351 1552 1429 forma

373 1498 420 1551 ac
448 1481 585 1550 tenore
613 1471 767 1576 primae
788 1474 1068 1552 concessionis,

452 1594 605 1675 Dicitur
619 1595 659 1674 in
674 1594 834 1674 Indatto
853 1641 904 1653 —
916 1619 1099 1677 excausa
1113 1621 1236 1677 onum
1251 1621 1440 1678 ransmnu
1451 1644 1501 1656 -
1513 1605 1552 1675 et

373 1745 550 1826 quanam
570 1723 712 1800 causa?
738 1720 838 1799 Pius
858 1720 918 1799 IX
936 1720 1040 1800 hanc
1060 1719 1365 1826 dispositionem
1386 1721 1549 1818 faciens

373 1843 639 1925 consideravit
666 1843 821 1924 civilem
841 1847 1077 1952 pensionem
1101 1871 1182 1924 non
1202 1872 1293 1925 esse
1311 1857 1548 1955 perpetuam

373 1970 424 2049 ad
466 1976 642 2048 mentem
683 1967 846 2050 Concilii
889 1968 1119 2066 Tridentini;
1150 1970 1318 2077 ideoque
1356 1970 1552 2050 Patrimo-

372 2094 484 2173 nium
512 2094 553 2172 S.
582 2092 768 2199 supplere
796 2119 878 2172 non
907 2118 1039 2197 posse.
1070 2094 1193 2173 Alias
1235 2097 1416 2174 rationes
1458 2119 1551 2173 acro

372 2219 492 2322 laajas
513 2219 724 2325 praecepti
750 2218 790 2297 S.
821 2217 1087 2321 Congregatio
1121 2217 1197 2298 sibi
1239 2219 1468 2316 reservavit,
1512 2226 1553 2296 et

372 2354 562 2422 reservat.

506 2467 544 2546 2.
565 2466 626 2546 De
640 2463 862 2544 Sacerdote
876 2489 1146 2560 amrmemus,
1163 2462 1234 2542 sed
1255 2469 1446 2569 perpetuo
1461 2487 1552 2568 pro-

372 2591 491 2670 fesso.
508 2591 625 2670 Tunc
638 2615 881 2695 permanens
897 2588 937 2666 in
961 2587 1149 2667 Claustra
1165 2587 1323 2682 Orator,
1341 2613 1422 2666 non
1438 2587 1551 2692 prius

372 2716 407 2795 ei
434 2714 589 2794 licentia
625 2715 741 2795 datur
773 2700 849 2792 doe
887 2713 1083 2810 deserere,
1115 2711 1192 2790 nisi
1225 2711 1409 2792 exhibeat
1437 2713 1551 2791 testi-

371 2843 550 2920 moniam
576 2839 771 2946 Episcopi
801 2839 974 2918 benecoli
993 2840 1223 2939 receptoria,
1242 2847 1279 2916 et
1299 2840 1553 2918 constitutio-

371 2967 437 3043 nis
457 2965 499 3044 S.
520 2965 800 3043 Patrimoaii:
827 2970 1005 3042 ceterum
1026 2962 1255 3042 tractandus
1277 2962 1332 3041 uti
1348 2962 1551 3042 Sacerdos

372 3087 831 3195 solemniterprofessus.
843 3087 1093 3193 Quandoque
1109 3095 1243 3166 tamen
1265 3086 1550 3168 —difficultate

371 3211 635 3291 constituendi
657 3211 952 3290 Patrimonium
986 3211 1035 3290 ad
1069 3212 1243 3289 formam
1272 3209 1436 3290 Concilii
1465 3211 1552 3290 Tri-

372 3334 518 3416 dentini
549 3335 671 3441 (quod
714 3334 832 3414 hodie
860 3335 979 3414 etiam
1009 3334 1210 3414 Beneficio
1253 3335 1447 3442 substitui
1478 3361 1551 3440 po-

372 3466 476 3562 test),
515 3460 550 3538 si
580 3460 807 3565 Episcopus
846 3458 1065 3538 benevolus
1094 3466 1276 3565 receptor
1314 3470 1469 3539 asserat
1500 3507 1548 3518 -

359 3587 584 3665 xOratorem
611 3610 701 3663 esse
719 3583 963 3663 sufficienter
982 3582 1189 3688 provisum
1214 3630 1264 3643 -
1294 3593 1385 3664 tunc
1423 3583 1461 3662 in
1491 3585 1551 3661 In-

371 3708 479 3789 dulto
499 3709 657 3790 additur
675 3708 908 3788 conditio-
922 3738 942 3786 ‹<
957 3707 1018 3786 vel
1035 3707 1083 3788 de
1099 3708 1175 3788 alia
1189 3707 1376 3787 afficienti
1396 3716 1551 3787 susten-

375 3866 395 3910 «
425 3834 571 3912 tutione
598 3859 689 3912 esse
716 3831 924 3938 provisum
944 3877 995 3889 -
1016 3842 1053 3913 et
1080 3833 1319 3938 rescriptum
1326 3840 1550 3939 perpetuae

374 3989 395 4035 (ς
424 3959 819 4038 Saecatarr'sationis
848 3957 1079 4036 conceditur
1108 3987 1144 4035 ».

506 4085 542 4162 3.
571 4083 614 4162 Si
643 4082 693 4162 de
721 4081 979 4161 Sabdiacono
1022 4088 1060 4159 et
1101 4081 1289 4161 Diacono
1328 4087 1481 4184 agatur,
1513 4089 1551 4160 et

370 4207 444 4313 ipsi
476 4233 555 4286 non
585 4205 801 4312 praebeant
818 4205 898 4285 atae
913 4206 999 4312 jam
1018 4203 1142 4284 relata
1170 4205 1398 4285 essentialia
1419 4204 1551 4311 requi-

371 4331 445 4410 sita
464 4359 537 4436 pro
553 4329 907 4410 saecularizatione
922 4337 1112 4436 perpetua
1130 4358 1150 4407 i<
1167 4336 1264 4409 tunc
1279 4355 1350 4436 per
1365 4327 1548 4432 regulam

374 4486 396 4535 a
423 4455 653 4560 generalem
680 4457 797 4536 datur
811 4454 1025 4554 Indultum,
1046 4455 1118 4534 sed
1134 4481 1181 4534 ea
1197 4454 1422 4535 conditione
1439 4502 1490 4514 -
1505 4463 1549 4535 ut
