3550 5434
763 581 905 636 ³33..

244 761 404 858 Novitii,
434 761 501 867 qui
530 760 581 840 ab
610 760 966 842 Examinatoribus
1008 759 1328 840 provincialibus
1365 788 1425 841 re-

245 887 440 994 probatus
469 887 595 968 fuerit.

328 1016 414 1092 Art.
444 1014 512 1093 VI.
544 1014 587 1091 ln
616 1011 664 1090 iis
693 1011 891 1103 institutis,
921 1012 961 1090 in
982 1011 1128 1117 quibus
1147 1012 1424 1093 Provinciales

246 1161 330 1214 non
358 1136 544 1236 existunt,
574 1136 653 1215 sint
680 1136 840 1215 illorum
868 1136 958 1216 loco
987 1136 1037 1216 ad
1057 1137 1254 1234 effectum,
1275 1138 1324 1217 de
1344 1163 1424 1243 quo

246 1260 389 1360 agitur,
419 1260 654 1366 Superiores
683 1262 843 1341 Domus
872 1260 1109 1340 Novitiatus

328 1389 414 1464 Art.
445 1387 530 1465 VII.
561 1385 602 1466 Si
623 1386 716 1491 quid
737 1385 902 1464 ulterius
922 1385 1084 1488 exigant
1101 1385 1423 1482 Constitutiones,

246 1517 285 1588 et
302 1508 465 1612 regulae
484 1509 652 1616 alicujus
673 1509 849 1609 Ordinis
870 1518 909 1588 et
924 1509 1091 1588 Instituti
1110 1510 1151 1587 in
1172 1509 1424 1590 admittendis

244 1631 415 1712 Novitiis
444 1633 494 1712 ad
524 1633 830 1738 professionem,
860 1633 910 1713 id·
929 1633 1175 1712 servandum
1204 1633 1323 1712 etiam
1354 1634 1426 1714 erit

244 1757 287 1834 in
316 1782 362 1834 ea
391 1759 600 1837 dumtaxat
629 1764 752 1863 parte,
783 1784 886 1864 quae
905 1757 1031 1836 tenori
1051 1757 1171 1863 hujus
1191 1758 1336 1838 decreti
1356 1759 1426 1837 mi-

244 1881 354 1960 nime
382 1881 580 1961 contraria
611 1881 672 1961 sit.

328 2005 383 2087 Ut
410 2013 544 2084 autem
564 2005 884 2111 suprascriptum
905 2006 1111 2085 decretum
1131 2006 1264 2112 quoad
1280 2013 1427 2085 utram·

246 2155 326 2234 que
368 2130 453 2236 ejus
495 2137 649 2236 partem
692 2130 916 2209 executioni
946 2131 1112 2210 omnino
1149 2131 1423 2224 demandetur,

246 2253 446 2337 Sanctitas
487 2257 570 2334 Sua
600 2254 790 2334 omnibus
820 2255 868 2334 ad
913 2281 1016 2360 quos
1049 2264 1201 2362 spectat
1237 2255 1357 2334 etiam
1386 2253 1426 2332 in

244 2378 388 2457 virtute
416 2386 579 2458 sanctae
599 2378 846 2459 obedientiae
867 2380 1043 2459 districte
1061 2380 1251 2485 praecipit
1265 2379 1425 2485 plenam

247 2501 353 2580 illius
381 2502 700 2598 observantiam
729 2512 767 2582 et
787 2503 1008 2608 quemlibet
1033 2505 1291 2610 Superiorem
1320 2503 1426 2608 cuju-

247 2653 444 2733 scumque
465 2628 616 2731 gradus
631 2629 694 2726 sit,
715 2635 752 2706 et
772 2627 938 2708 Instituti
960 2629 1218 2733 quantumvis
1238 2627 1425 2733 exempti,

246 2760 286 2831 et
314 2751 545 2856 privilegiati
575 2752 694 2830 etiam
723 2751 771 2830 de
801 2753 1037 2832 necessitate
1066 2752 1327 2858 exprimendi,
1358 2752 1426 2858 qui

246 2899 332 2952 non
359 2885 517 2955 servata
547 2874 665 2981 bajus
694 2875 839 2955 decreti
870 2876 1002 2956 forma
1031 2875 1238 2956 Novitium
1280 2877 1331 2956 ad
1360 2876 1427 2955 ha-

247 2998 387 3097 bitum,
417 2999 478 3078 vel
508 3000 800 3105 professionem
820 3001 1024 3106 receperit,
1046 3027 1199 3106 poenae
1219 3001 1306 3107 ipso
1322 3002 1425 3081 facto

246 3124 511 3203 incurrendae
526 3125 757 3231 privationis
773 3125 958 3204 omnium
979 3126 1218 3223 officiorum,
1237 3126 1426 3232 vocisque

248 3247 411 3347 activae,
433 3256 470 3327 et
490 3257 703 3355 perpetuae
722 3249 977 3330 inhabilitatis
997 3237 1142 3331 adalia
1161 3251 1426 3357 imposterum

248 3371 471 3453 obtinenda
492 3373 609 3480 plane
637 3373 804 3480 subjicit,
836 3403 859 3452 a
887 3401 967 3480 qua
996 3376 1155 3453 nonnisi
1185 3375 1236 3454 ab
1253 3380 1428 3480 Aposto-

248 3495 325 3576 lica
353 3497 455 3576 Sede
483 3497 625 3602 poterit
652 3497 886 3603 dispensari.
917 3499 1085 3579 Mandat
1109 3499 1228 3577 etiam
1256 3497 1427 3602 singulis

247 3621 534 3726 Superioribus
562 3622 667 3701 idem
682 3617 892 3702 'decretum
912 3622 1086 3727 quolibet
1110 3649 1217 3702 anno
1237 3623 1277 3701 in
1297 3623 1429 3702 omni-

248 3746 329 3825 bus
356 3747 628 3843 Monasteriis‚
658 3739 944 3844 ConventibuS,
964 3747 1150 3851 Collegiis
1170 3755 1208 3826 et
1226 3747 1427 3827 Domibus

247 3869 313 3950 dte
334 3873 471 3978 prima
511 3871 714 3968 Jaauarr'r',
759 3881 795 3949 ct
824 3873 1035 3950 Dominica
1072 3873 1210 3979 pruna
1251 3873 1351 3950 ιῘιιίιϊ
1389 3875 1439 3949 in·

240 3995 406 4104 publica
433 4023 571 4073 mensa
599 3995 675 4098 tepr'
700 3997 772 4072 sod
794 4022 930 4102 poeno
951 3998 1186 4103 privationis
1216 3997 1347 4101 officii,
1377 4023 1428 4075 cc
1471 4039 1475 4043 >

247 4121 353 4198 cocis
395 4123 559 4214 ceticae,
604 4129 640 4198 ct
663 4123 850 4228 possz'cac
892 4122 974 4227 ipso
1012 4125 1127 4224 facto
1170 4121 1426 4200 incremendo.

246 4243 437 4324 Decernit
463 4242 627 4349 insuper
656 4243 693 4321 vi
736 4245 1025 4351 cujuscumque
1067 4245 1271 4350 privilegii,
1310 4246 1430 4325 facul-

246 4368 354 4456 tatis,
370 4367 520 4462 indulti,
532 4368 851 4474 dispensationis,
869 4357 1167 4475 approbationis
1183 4370 1427 4474 regularum,
1443 4406 1447 4413 ·

244 4499 288 4571 et
317 4491 642 4572 constitutionum
663 4493 781 4571 etiam
801 4494 841 4571 in
863 4494 993 4573 forma
1012 4493 1210 4599 specifica,
1232 4520 1355 4601 quam
1375 4494 1427 4574 ab
