<?xml version="1.0" encoding="UTF-8"?>
<!DOCTYPE html PUBLIC "-//W3C//DTD XHTML 1.0 Transitional//EN"
    "http://www.w3.org/TR/xhtml1/DTD/xhtml1-transitional.dtd">
<html xmlns="http://www.w3.org/1999/xhtml" xml:lang="en" lang="en">
 <head>
  <title>
</title>
<meta http-equiv="Content-Type" content="text/html;charset=utf-8" />
  <meta name='ocr-system' content='tesseract 3.04.00' />
  <meta name='ocr-capabilities' content='ocr_page ocr_carea ocr_par ocr_line ocrx_word'/>
</head>
<body>
  <div class='ocr_page' id='page_1' title='image "./dejurepracticor00nervgoog_0085.png"; bbox 0 0 3550 5434; ppageno 0'>
   <div class='ocr_carea' id='block_1_1' title="bbox 647 1263 975 1331">
    <p class='ocr_par' dir='ltr' id='par_1_1' title="bbox 647 1263 975 1331">
     <span class='ocr_line' id='line_1_1' title="bbox 647 1263 975 1331; baseline -0.006 0"><span class='ocrx_word' id='word_1_1' title='bbox 647 1263 763 1331; x_wconf 67' lang='lat' dir='ltr'><strong>Oneon</strong></span> <span class='ocrx_word' id='word_1_2' title='bbox 787 1263 975 1330; x_wconf 78' lang='lat' dir='ltr'><strong>Sucououn</strong></span> 
     </span>
    </p>
   </div>
   <div class='ocr_carea' id='block_1_2' title="bbox 343 1507 1297 1741">
    <p class='ocr_par' dir='ltr' id='par_1_2' title="bbox 343 1507 1297 1741">
     <span class='ocr_line' id='line_1_2' title="bbox 343 1507 1297 1607; baseline -0.004 -34"><span class='ocrx_word' id='word_1_3' title='bbox 343 1512 396 1573; x_wconf 83' lang='lat' dir='ltr'><strong>De</strong></span> <span class='ocrx_word' id='word_1_4' title='bbox 419 1513 644 1586; x_wconf 77' lang='lat' dir='ltr'><strong>Recepttone</strong></span> <span class='ocrx_word' id='word_1_5' title='bbox 663 1510 958 1607; x_wconf 78' lang='lat' dir='ltr'><strong>Postulantium</strong></span> <span class='ocrx_word' id='word_1_6' title='bbox 976 1509 1024 1570; x_wconf 84' lang='lat' dir='ltr'><strong>ad</strong></span> <span class='ocrx_word' id='word_1_7' title='bbox 1042 1507 1297 1571; x_wconf 82' lang='lat' dir='ltr'><strong>habitandum</strong></span> 
     </span>
     <span class='ocr_line' id='line_1_3' title="bbox 521 1668 1111 1741; baseline -0.005 -11"><span class='ocrx_word' id='word_1_8' title='bbox 521 1671 563 1730; x_wconf 89' lang='lat' dir='ltr'><strong>in</strong></span> <span class='ocrx_word' id='word_1_9' title='bbox 582 1669 783 1741; x_wconf 79' lang='lat' dir='ltr'><strong>claustris,</strong></span> <span class='ocrx_word' id='word_1_10' title='bbox 802 1671 841 1730; x_wconf 79' lang='lat' dir='ltr'><strong>et</strong></span> <span class='ocrx_word' id='word_1_11' title='bbox 860 1670 908 1730; x_wconf 79' lang='lat' dir='ltr'><strong>ed</strong></span> <span class='ocrx_word' id='word_1_12' title='bbox 927 1668 1111 1731; x_wconf 77' lang='lat' dir='ltr'><strong>habitum.</strong></span> 
     </span>
    </p>
   </div>
   <div class='ocr_carea' id='block_1_3' title="bbox 688 1828 935 1887">
    <p class='ocr_par' dir='ltr' id='par_1_3' title="bbox 688 1828 935 1887">
     <span class='ocr_line' id='line_1_4' title="bbox 688 1828 935 1887; baseline 0.008 -1"><span class='ocrx_word' id='word_1_13' title='bbox 688 1828 935 1887; x_wconf 67' lang='lat' dir='ltr'><strong>——oeo—</strong></span> 
     </span>
    </p>
   </div>
   <div class='ocr_carea' id='block_1_4' title="bbox 751 2099 884 2205">
    <p class='ocr_par' dir='ltr' id='par_1_4' title="bbox 751 2099 884 2205">
     <span class='ocr_line' id='line_1_5' title="bbox 751 2099 884 2205; baseline 0 0"><span class='ocrx_word' id='word_1_14' title='bbox 751 2103 786 2205; x_wconf 72' lang='lat' dir='ltr'><strong>s·</strong></span> <span class='ocrx_word' id='word_1_15' title='bbox 818 2099 884 2179; x_wconf 63' lang='grc' dir='ltr'><strong>υ·</strong></span> 
     </span>
    </p>
   </div>
   <div class='ocr_carea' id='block_1_5' title="bbox 230 2332 1403 2440">
    <p class='ocr_par' dir='ltr' id='par_1_5' title="bbox 230 2332 1403 2440">
     <span class='ocr_line' id='line_1_6' title="bbox 230 2332 1403 2440; baseline -0.001 -27"><span class='ocrx_word' id='word_1_16' title='bbox 230 2332 378 2413; x_wconf 79' lang='lat' dir='ltr'><strong>Utrum</strong></span> <span class='ocrx_word' id='word_1_17' title='bbox 404 2332 644 2438; x_wconf 78' lang='lat' dir='ltr'><strong>Superiores</strong></span> <span class='ocrx_word' id='word_1_18' title='bbox 664 2334 876 2411; x_wconf 79' lang='lat' dir='ltr'><strong>teneantur</strong></span> <span class='ocrx_word' id='word_1_19' title='bbox 898 2332 1094 2411; x_wconf 76' lang='lat' dir='ltr'><em>licentiam</em></span> <span class='ocrx_word' id='word_1_20' title='bbox 1114 2335 1289 2412; x_wconf 75' lang='lat' dir='ltr'><strong>obtinere</strong></span> <span class='ocrx_word' id='word_1_21' title='bbox 1308 2359 1403 2440; x_wconf 81' lang='lat' dir='ltr'><strong>quo-</strong></span> 
     </span>
    </p>
   </div>
   <div class='ocr_carea' id='block_1_6' title="bbox 334 2490 1402 2731">
    <p class='ocr_par' dir='ltr' id='par_1_6' title="bbox 334 2490 1402 2731">
     <span class='ocr_line' id='line_1_7' title="bbox 334 2490 1402 2599; baseline 0.004 -28"><span class='ocrx_word' id='word_1_22' title='bbox 334 2495 467 2571; x_wconf 79' lang='lat' dir='ltr'><strong>tannis</strong></span> <span class='ocrx_word' id='word_1_23' title='bbox 486 2520 513 2570; x_wconf 81' lang='lat' dir='ltr'><strong>o</strong></span> <span class='ocrx_word' id='word_1_24' title='bbox 532 2490 582 2571; x_wconf 54' lang='lat' dir='ltr'><strong>S(</strong></span> <span class='ocrx_word' id='word_1_25' title='bbox 595 2490 912 2597; x_wconf 68' lang='lat' dir='ltr'><strong>Conqrcqationc</strong></span> <span class='ocrx_word' id='word_1_26' title='bbox 926 2492 1062 2599; x_wconf 82' lang='lat' dir='ltr'><strong>quoad</strong></span> <span class='ocrx_word' id='word_1_27' title='bbox 1072 2518 1269 2576; x_wconf 76' lang='lat' dir='ltr'><strong>nuunnuu</strong></span> <span class='ocrx_word' id='word_1_28' title='bbox 1284 2497 1402 2576; x_wconf 73' lang='lat' dir='ltr'>REGI-</span> 
     </span>
     <span class='ocr_line' id='line_1_8' title="bbox 334 2652 599 2731; baseline 0.026 -7"><span class='ocrx_word' id='word_1_29' title='bbox 334 2652 599 2731; x_wconf 64' lang='lat' dir='ltr'><strong>mononem?</strong></span> 
     </span>
    </p>
   </div>
   <div class='ocr_carea' id='block_1_7' title="bbox 224 2879 1403 4608">
    <p class='ocr_par' dir='ltr' id='par_1_7' title="bbox 224 2879 1403 4608">
     <span class='ocr_line' id='line_1_9' title="bbox 278 2879 1400 2991; baseline -0.002 -28"><span class='ocrx_word' id='word_1_30' title='bbox 278 2884 479 2991; x_wconf 81' lang='lat' dir='ltr'>Tempore</span> <span class='ocrx_word' id='word_1_31' title='bbox 499 2883 831 2989; x_wconf 83' lang='lat' dir='ltr'><strong>Congregotionis</strong></span> <span class='ocrx_word' id='word_1_32' title='bbox 852 2910 975 2990; x_wconf 82' lang='lat' dir='ltr'><strong>super</strong></span> <span class='ocrx_word' id='word_1_33' title='bbox 993 2884 1106 2966; x_wconf 79' lang='lat' dir='ltr'><strong>Statu</strong></span> <span class='ocrx_word' id='word_1_34' title='bbox 1126 2879 1400 2988; x_wconf 77' lang='lat' dir='ltr'><strong>Regulocium,</strong></span> 
     </span>
     <span class='ocr_line' id='line_1_10' title="bbox 224 3007 1400 3115; baseline 0 -29"><span class='ocrx_word' id='word_1_35' title='bbox 224 3007 351 3115; x_wconf 87' lang='lat' dir='ltr'><strong>ipsius</strong></span> <span class='ocrx_word' id='word_1_36' title='bbox 366 3010 546 3088; x_wconf 82' lang='lat' dir='ltr'><strong>Decretis</strong></span> <span class='ocrx_word' id='word_1_37' title='bbox 576 3008 627 3089; x_wconf 84' lang='lat' dir='ltr'><strong>eb</strong></span> <span class='ocrx_word' id='word_1_38' title='bbox 655 3009 886 3089; x_wconf 81' lang='lat' dir='ltr'><strong>Innocentio</strong></span> <span class='ocrx_word' id='word_1_39' title='bbox 902 3009 955 3089; x_wconf 90' lang='lat' dir='ltr'><strong>X.</strong></span> <span class='ocrx_word' id='word_1_40' title='bbox 985 3017 1023 3087; x_wconf 87' lang='lat' dir='ltr'><strong>et</strong></span> <span class='ocrx_word' id='word_1_41' title='bbox 1050 3008 1286 3089; x_wconf 79' lang='lat' dir='ltr'><strong>Alexandro</strong></span> <span class='ocrx_word' id='word_1_42' title='bbox 1315 3008 1400 3086; x_wconf 91' lang='lat' dir='ltr'>VII.</span> 
     </span>
     <span class='ocr_line' id='line_1_11' title="bbox 226 3132 1403 3240; baseline 0.001 -28"><span class='ocrx_word' id='word_1_43' title='bbox 226 3132 466 3240; x_wconf 80' lang='lat' dir='ltr'><strong>approbetis,</strong></span> <span class='ocrx_word' id='word_1_44' title='bbox 492 3141 663 3214; x_wconf 78' lang='lat' dir='ltr'><strong>statutus</strong></span> <span class='ocrx_word' id='word_1_45' title='bbox 682 3142 741 3212; x_wconf 85' lang='lat' dir='ltr'><strong>est</strong></span> <span class='ocrx_word' id='word_1_46' title='bbox 763 3162 955 3213; x_wconf 74' lang='lat' dir='ltr'><strong>numerus</strong></span> <span class='ocrx_word' id='word_1_47' title='bbox 980 3134 1236 3214; x_wconf 80' lang='lat' dir='ltr'><strong>Nocitiorum</strong></span> <span class='ocrx_word' id='word_1_48' title='bbox 1265 3158 1403 3214; x_wconf 86' lang='lat' dir='ltr'><strong>conce-</strong></span> 
     </span>
     <span class='ocr_line' id='line_1_12' title="bbox 226 3258 1402 3364; baseline -0.003 -24"><span class='ocrx_word' id='word_1_49' title='bbox 226 3259 380 3340; x_wconf 89' lang='lat' dir='ltr'><strong>dendus</strong></span> <span class='ocrx_word' id='word_1_50' title='bbox 410 3258 621 3363; x_wconf 87' lang='lat' dir='ltr'><strong>unicuique</strong></span> <span class='ocrx_word' id='word_1_51' title='bbox 649 3258 887 3338; x_wconf 76' lang='lat' dir='ltr'><strong>Provinciae</strong></span> <span class='ocrx_word' id='word_1_52' title='bbox 896 3286 905 3356; x_wconf 92' lang='grc'><strong>;</strong></span> <span class='ocrx_word' id='word_1_53' title='bbox 936 3285 1058 3364; x_wconf 82' lang='lat' dir='ltr'><strong>quom</strong></span> <span class='ocrx_word' id='word_1_54' title='bbox 1098 3258 1402 3338; x_wconf 79' lang='lat' dir='ltr'><strong>concessionem</strong></span> 
     </span>
     <span class='ocr_line' id='line_1_13' title="bbox 225 3382 1401 3490; baseline -0.002 -29"><span class='ocrx_word' id='word_1_55' title='bbox 225 3382 459 3488; x_wconf 82' lang='lat' dir='ltr'><strong>Apostolioa</strong></span> <span class='ocrx_word' id='word_1_56' title='bbox 476 3383 601 3463; x_wconf 87' lang='lat' dir='ltr'><strong>Sedes</strong></span> <span class='ocrx_word' id='word_1_57' title='bbox 630 3383 835 3487; x_wconf 82' lang='lat' dir='ltr'><strong>indulgere</strong></span> <span class='ocrx_word' id='word_1_58' title='bbox 855 3410 930 3462; x_wconf 84' lang='lat' dir='ltr'><strong>usa</strong></span> <span class='ocrx_word' id='word_1_59' title='bbox 950 3393 1009 3463; x_wconf 90' lang='lat' dir='ltr'><strong>ost</strong></span> <span class='ocrx_word' id='word_1_60' title='bbox 1038 3410 1178 3490; x_wconf 86' lang='lat' dir='ltr'><strong>quum,</strong></span> <span class='ocrx_word' id='word_1_61' title='bbox 1208 3407 1401 3461; x_wconf 80' lang='lat' dir='ltr'><strong>numerus</strong></span> 
     </span>
     <span class='ocr_line' id='line_1_14' title="bbox 227 3505 1401 3613; baseline -0.002 -26"><span class='ocrx_word' id='word_1_62' title='bbox 227 3505 526 3610; x_wconf 77' lang='lat' dir='ltr'><strong>Religiosorum</strong></span> <span class='ocrx_word' id='word_1_63' title='bbox 556 3506 772 3587; x_wconf 73' lang='lat' dir='ltr'><strong>redditibus</strong></span> <span class='ocrx_word' id='word_1_64' title='bbox 792 3509 1023 3588; x_wconf 70' lang='lat' dir='ltr'><strong>Conventus</strong></span> <span class='ocrx_word' id='word_1_65' title='bbox 1044 3506 1330 3613; x_wconf 81' lang='lat' dir='ltr'><strong>aequivaleret:</strong></span> <span class='ocrx_word' id='word_1_66' title='bbox 1351 3506 1401 3585; x_wconf 83' lang='lat' dir='ltr'><strong>ud</strong></span> 
     </span>
     <span class='ocr_line' id='line_1_15' title="bbox 226 3630 1402 3735; baseline 0 -24"><span class='ocrx_word' id='word_1_67' title='bbox 226 3630 554 3711; x_wconf 72' lang='lat' dir='ltr'><strong>montemulen.</strong></span> <span class='ocrx_word' id='word_1_68' title='bbox 585 3631 689 3729; x_wconf 87' lang='lat' dir='ltr'>VIII,</span> <span class='ocrx_word' id='word_1_69' title='bbox 720 3631 856 3735; x_wconf 89' lang='lat' dir='ltr'><strong>quiin</strong></span> <span class='ocrx_word' id='word_1_70' title='bbox 894 3634 1050 3712; x_wconf 78' lang='lat' dir='ltr'><strong>Decret.</strong></span> <span class='ocrx_word' id='word_1_71' title='bbox 1090 3630 1313 3712; x_wconf 80' lang='lat' dir='ltr'><strong>Genernlih.</strong></span> <span class='ocrx_word' id='word_1_72' title='bbox 1353 3631 1402 3711; x_wconf 90' lang='lat' dir='ltr'><strong>de</strong></span> 
     </span>
     <span class='ocr_line' id='line_1_16' title="bbox 227 3754 1402 3862; baseline -0.002 -27"><span class='ocrx_word' id='word_1_73' title='bbox 227 3756 406 3835; x_wconf 74' lang='lat' dir='ltr'><strong>Reform.</strong></span> <span class='ocrx_word' id='word_1_74' title='bbox 438 3754 582 3857; x_wconf 83' lang='lat' dir='ltr'><strong>Regul.</strong></span> <span class='ocrx_word' id='word_1_75' title='bbox 611 3757 646 3859; x_wconf 66' lang='lat' dir='ltr'><strong>g.</strong></span> <span class='ocrx_word' id='word_1_76' title='bbox 676 3756 713 3834; x_wconf 82' lang='lat'><strong>7.</strong></span> <span class='ocrx_word' id='word_1_77' title='bbox 743 3754 864 3833; x_wconf 85' lang='lat' dir='ltr'><strong>edixit</strong></span> <span class='ocrx_word' id='word_1_78' title='bbox 894 3802 944 3815; x_wconf 89' lang='lat'>-</span> <span class='ocrx_word' id='word_1_79' title='bbox 978 3786 998 3833; x_wconf 75' lang='lat' dir='ltr'><strong>n</strong></span> <span class='ocrx_word' id='word_1_80' title='bbox 1018 3765 1061 3836; x_wconf 91' lang='lat' dir='ltr'><strong>ut</strong></span> <span class='ocrx_word' id='word_1_81' title='bbox 1088 3756 1127 3833; x_wconf 90' lang='lat' dir='ltr'><strong>in</strong></span> <span class='ocrx_word' id='word_1_82' title='bbox 1157 3780 1402 3862; x_wconf 90' lang='lat' dir='ltr'><strong>unoquoque</strong></span> 
     </span>
     <span class='ocr_line' id='line_1_17' title="bbox 231 3878 1400 3984; baseline 0.002 -29"><span class='ocrx_word' id='word_1_83' title='bbox 231 3908 251 3955; x_wconf 92' lang='lat'>«</span> <span class='ocrx_word' id='word_1_84' title='bbox 281 3878 487 3958; x_wconf 91' lang='lat' dir='ltr'><strong>Conventu</strong></span> <span class='ocrx_word' id='word_1_85' title='bbox 529 3882 717 3959; x_wconf 74' lang='lat' dir='ltr'><strong>Fratrum</strong></span> <span class='ocrx_word' id='word_1_86' title='bbox 759 3878 793 3959; x_wconf 89' lang='lat' dir='ltr'><strong>is</strong></span> <span class='ocrx_word' id='word_1_87' title='bbox 835 3888 989 3959; x_wconf 84' lang='lat' dir='ltr'><strong>tentum</strong></span> <span class='ocrx_word' id='word_1_88' title='bbox 1031 3879 1218 3984; x_wconf 84' lang='lat' dir='ltr'><strong>deinceps</strong></span> <span class='ocrx_word' id='word_1_89' title='bbox 1260 3879 1400 3958; x_wconf 88' lang='lat' dir='ltr'><strong>consti-</strong></span> 
     </span>
     <span class='ocr_line' id='line_1_18' title="bbox 230 4002 1402 4110; baseline 0.004 -33"><span class='ocrx_word' id='word_1_90' title='bbox 230 4030 251 4078; x_wconf 88' lang='lat'>«</span> <span class='ocrx_word' id='word_1_91' title='bbox 280 4009 423 4101; x_wconf 78' lang='lat' dir='ltr'><strong>tuatur,</strong></span> <span class='ocrx_word' id='word_1_92' title='bbox 453 4003 558 4084; x_wconf 89' lang='lat' dir='ltr'><strong>etin</strong></span> <span class='ocrx_word' id='word_1_93' title='bbox 596 4012 802 4109; x_wconf 72' lang='lat' dir='ltr'><strong>posterum</strong></span> <span class='ocrx_word' id='word_1_94' title='bbox 841 4003 1055 4085; x_wconf 74' lang='lat' dir='ltr'><strong>retineatur</strong></span> <span class='ocrx_word' id='word_1_95' title='bbox 1090 4031 1296 4098; x_wconf 81' lang='lat' dir='ltr'><strong>numerus,</strong></span> <span class='ocrx_word' id='word_1_96' title='bbox 1335 4002 1402 4110; x_wconf 92' lang='lat' dir='ltr'><strong>qui</strong></span> 
     </span>
     <span class='ocr_line' id='line_1_19' title="bbox 230 4126 1401 4235; baseline 0.003 -32"><span class='ocrx_word' id='word_1_97' title='bbox 230 4154 251 4203; x_wconf 90' lang='grc'>«</span> <span class='ocrx_word' id='word_1_98' title='bbox 279 4152 331 4206; x_wconf 85' lang='lat' dir='ltr'><strong>ex</strong></span> <span class='ocrx_word' id='word_1_99' title='bbox 358 4127 579 4209; x_wconf 81' lang='lat' dir='ltr'><strong>redditibus</strong></span> <span class='ocrx_word' id='word_1_100' title='bbox 606 4126 683 4207; x_wconf 87' lang='lat' dir='ltr'><strong>illis</strong></span> <span class='ocrx_word' id='word_1_101' title='bbox 711 4129 896 4235; x_wconf 75' lang='lat' dir='ltr'><strong>propriis,</strong></span> <span class='ocrx_word' id='word_1_102' title='bbox 939 4128 1001 4209; x_wconf 88' lang='lat' dir='ltr'><strong>vel</strong></span> <span class='ocrx_word' id='word_1_103' title='bbox 1028 4156 1080 4208; x_wconf 88' lang='lat' dir='ltr'><strong>ex</strong></span> <span class='ocrx_word' id='word_1_104' title='bbox 1107 4127 1401 4209; x_wconf 85' lang='lat' dir='ltr'><strong>Communibus</strong></span> 
     </span>
     <span class='ocr_line' id='line_1_20' title="bbox 231 4250 1403 4358; baseline 0.001 -29"><span class='ocrx_word' id='word_1_105' title='bbox 231 4280 252 4329; x_wconf 89' lang='lat'>«</span> <span class='ocrx_word' id='word_1_106' title='bbox 280 4250 494 4351; x_wconf 66' lang='lat' dir='ltr'><strong>consuetis</strong></span> <span class='ocrx_word' id='word_1_107' title='bbox 511 4252 572 4330; x_wconf 89' lang='lat' dir='ltr'><strong>vel</strong></span> <span class='ocrx_word' id='word_1_108' title='bbox 592 4252 711 4332; x_wconf 83' lang='lat' dir='ltr'><strong>etiem</strong></span> <span class='ocrx_word' id='word_1_109' title='bbox 731 4251 987 4356; x_wconf 80' lang='lat' dir='ltr'><strong>singuloium</strong></span> <span class='ocrx_word' id='word_1_110' title='bbox 1002 4252 1282 4358; x_wconf 67' lang='lat' dir='ltr'><strong>eleemosynis</strong></span> <span class='ocrx_word' id='word_1_111' title='bbox 1299 4251 1403 4332; x_wconf 81' lang='lat' dir='ltr'><strong>eliis-</strong></span> 
     </span>
     <span class='ocr_line' id='line_1_21' title="bbox 232 4376 1400 4484; baseline 0.001 -31"><span class='ocrx_word' id='word_1_112' title='bbox 232 4407 252 4453; x_wconf 84' lang='lat'>«</span> <span class='ocrx_word' id='word_1_113' title='bbox 281 4402 359 4480; x_wconf 91' lang='lat' dir='ltr'><strong>que</strong></span> <span class='ocrx_word' id='word_1_114' title='bbox 386 4376 708 4483; x_wconf 84' lang='lat' dir='ltr'><strong>quibuscumque</strong></span> <span class='ocrx_word' id='word_1_115' title='bbox 746 4376 785 4455; x_wconf 92' lang='lat' dir='ltr'><strong>in</strong></span> <span class='ocrx_word' id='word_1_116' title='bbox 820 4404 1048 4475; x_wconf 89' lang='lat' dir='ltr'><strong>commune,</strong></span> <span class='ocrx_word' id='word_1_117' title='bbox 1087 4386 1129 4457; x_wconf 93' lang='lat' dir='ltr'><strong>ut</strong></span> <span class='ocrx_word' id='word_1_118' title='bbox 1168 4379 1400 4484; x_wconf 72' lang='lat' dir='ltr'><strong>praefertur,</strong></span> 
     </span>
     <span class='ocr_line' id='line_1_22' title="bbox 232 4501 1199 4608; baseline 0.004 -30"><span class='ocrx_word' id='word_1_119' title='bbox 232 4529 253 4578; x_wconf 70' lang='grc' dir='ltr'><strong>ι(</strong></span> <span class='ocrx_word' id='word_1_120' title='bbox 282 4501 546 4601; x_wconf 79' lang='lat' dir='ltr'><strong>conferendis,</strong></span> <span class='ocrx_word' id='word_1_121' title='bbox 577 4503 790 4583; x_wconf 87' lang='lat' dir='ltr'><strong>commode</strong></span> <span class='ocrx_word' id='word_1_122' title='bbox 818 4502 945 4608; x_wconf 81' lang='lat' dir='ltr'><strong>possit</strong></span> <span class='ocrx_word' id='word_1_123' title='bbox 973 4504 1199 4583; x_wconf 78' lang='lat' dir='ltr'><strong>sustentari.</strong></span> 
     </span>
    </p>
   </div>
   <div class='ocr_carea' id='block_1_8' title="bbox 0 0 1794 5434">
    <p class='ocr_par' dir='ltr' id='par_1_8' title="bbox 0 0 1794 5434">
     <span class='ocr_line' id='line_1_23' title="bbox 0 0 1794 5434; baseline 0 0"><span class='ocrx_word' id='word_1_124' title='bbox 0 0 1794 5434; x_wconf 95' lang='lat' dir='ltr'><strong> </strong></span> 
     </span>
    </p>
   </div>
  </div>
 </body>
</html>
