3550 5434
723 560 865 616 ..67-

200 744 432 824 solemnium
448 742 636 848 facultas
665 743 900 822 attribuitur
929 741 1049 820 etiam
1075 737 1288 848 Superiori
1318 740 1385 820 do·

202 896 293 946 mus
320 867 557 965 Noeitiatus,
589 865 637 945 de
666 891 855 945 consensu
883 873 1018 944 tamen
1045 866 1243 971 Mapistri
1281 868 1382 946 noei-

202 995 368 1091 tiorum,
398 997 436 1071 et
476 991 649 1071 decorum
678 989 982 1094 Retipiosorurn,
1012 992 1081 1097 qui
1119 993 1159 1067 in
1197 989 1384 1068 Instituta

204 1119 343 1224 atiquo
369 1115 505 1222 produ
533 1118 611 1195 sint
638 1113 823 1222 insipniti.
851 1115 1032 1194 Decreta
1056 1114 1383 1220 Conprepationis

200 1269 321 1350 saper
347 1247 457 1320 statu
485 1241 753 1344 Repularium
781 1241 956 1347 incipien.
991 1269 1011 1317 a
1040 1239 1215 1320 Romani
1249 1238 1382 1318 Ponti-

202 1367 315 1464 fices
328 1373 365 1446 et
377 1364 567 1470 Regulari
577 1363 674 1444 disci
678 1363 808 1470 plinae
825 1393 844 1440 n
859 1389 966 1442 anno
978 1363 1033 1442 M
1033 1363 1259 1444 DCCCXL
1267 1363 1380 1442 VIII.

195 1491 462 1599 promulgata
489 1491 645 1569 omnmo
673 1494 882 1568 seruentur
909 1488 952 1567 in
981 1491 1201 1596 receptione
1234 1487 1291 1565 ad
1314 1487 1386 1566 lta-

203 1617 340 1711 bitum,
369 1613 614 1710 noeitiatum,
645 1621 683 1692 ot
706 1613 997 1720 professionem
1024 1621 1205 1692 notorum
1242 1613 1382 1718 simpli-

202 1742 308 1819 cium
337 1767 372 1817 n.
402 1740 626 1846 Postquam
654 1737 732 1817 hoo
750 1738 955 1818 decretum
974 1737 1198 1816 executioni
1217 1737 1383 1815 deman-

202 1862 343 1940 datum
371 1861 441 1940 fuit
460 1887 510 1941 ex
525 1860 612 1966 ipsa
640 1859 882 1966 experientia
897 1857 1170 1966 comperimus
1189 1866 1384 1965 quantum

201 1985 377 2066 utilitatis
406 2012 519 2066 exeo
536 1983 745 2090 religiosae
760 1984 932 2064 familiae
947 1985 1161 2081 retulerint,
1183 1996 1221 2065 et
1235 1986 1384 2064 referre

202 2111 372 2216 possint.
404 2111 558 2190 Verum
586 2135 714 2216 nuper
742 2109 985 2214 agnovimus
1013 2109 1170 2217 aliquos
1199 2110 1382 2204 novitios

202 2234 490 2340 praetermissa
527 2233 776 2340 professione
818 2241 1005 2314 votorum
1047 2234 1302 2341 simplicium,
1333 2235 1384 2314 ad

204 2366 298 2438 vota
317 2357 511 2438 solemnia
533 2358 799 2463 nuncupanda
815 2359 1018 2439 admissos
1033 2359 1168 2456 luisse,
1185 2366 1223 2438 et
1240 2357 1384 2438 exinde

200 2483 312 2562 cirea
326 2483 522 2562 dictorum
533 2490 719 2562 votorum
734 2482 977 2562 solemnium
993 2483 1233 2564 validitatem
1244 2483 1384 2586 gravia

201 2607 326 2690 dubia
355 2608 518 2688 suborta
547 2635 649 2688 esse.
679 2609 767 2688 Nos
794 2609 912 2712 igitur
940 2609 1143 2714 cupientes
1163 2609 1203 2687 in
1223 2635 1266 2686 re
1285 2608 1382 2688 tanti

200 2731 398 2812 momenti
427 2758 592 2812 omnem
629 2731 857 2836 ambigendi
896 2759 1063 2812 eausam
1091 2732 1132 2811 in
1174 2740 1382 2838 posterum

197 2881 424 2954 removere,
468 2864 579 2936 motu
621 2857 795 2963 proprio,
825 2865 862 2936 et
890 2866 997 2936 certa
1039 2858 1215 2957 seientia,
1255 2858 1383 2964 deque

197 2978 461 3085 Apostolioae
501 2980 672 3060 Nostrae
714 2980 921 3087 potestatis
963 2980 1217 3087 plenitudine,
1247 2983 1381 3090 quoad

196 3103 412 3208 religiosas
452 3105 633 3184 virorum
676 3105 846 3184 familias
888 3105 1172 3214 cujuscumque
1205 3106 1378 3202 Ordinis,

204 3227 536 3334 Conprepotionis
564 3237 600 3308 et
628 3231 807 3308 Instituti
835 3231 873 3308 in
902 3232 1043 3336 quibus
1070 3232 1261 3310 solemnia
1293 3237 1385 3310 nota

197 3365 438 3442 emittuntur
456 3365 683 3454 statuimus,
702 3390 751 3441 ao
771 3363 1020 3442 decernimus
1039 3388 1210 3445 NULLAM
1223 3389 1381 3460 omnine,

197 3511 386 3579 Ianuari,
407 3511 457 3568 ar
475 3511 649 3570 noturus
668 3512 836 3570 aoeoars
864 3513 970 3572 nonu
997 3513 1291 3570 Paorussmnuu
1318 3514 1382 3571 ve·

196 3635 344 3692 monum
371 3635 604 3692 sonuumuu
629 3618 712 3690 tam
750 3613 932 3710 scienter,
972 3640 1095 3719 quam
1138 3613 1380 3718 ignoranter,

194 3735 346 3842 quovis
374 3736 508 3832 mode,
539 3743 756 3840 praetextu,
786 3746 823 3814 et
851 3736 985 3816 colore
1013 3738 1159 3817 factam
1180 3765 1202 3818 a
1222 3739 1380 3818 novitiis

193 3858 523 3968 quibuscumque
551 3861 671 3940 etiam
698 3859 820 3958 laioiS,
851 3869 888 3940 et
930 3863 1151 3958 conversiS,
1182 3864 1249 3970 qui
1292 3864 1381 3944 licet

192 3982 481 4094 probationem
508 3995 546 4065 et
574 3985 808 4066 novitiatum
850 3997 968 4093 prout
1000 3991 1049 4070 de
1077 3989 1162 4068 iure
1199 3990 1381 4095 expleve-
1476 4016 1479 4024 ’

193 4109 293 4204 rint,
322 4135 400 4188 non
429 4112 608 4189 emittant
635 4134 754 4192 Parus
773 4137 1069 4194 Paorsssioneu
1087 4139 1278 4196 vorosuu
1296 4140 1379 4197 sm-

193 4257 380 4329 PLIomu,
400 4243 437 4313 ot
465 4237 505 4312 in
538 4263 587 4314 ea
606 4262 684 4343 per
712 4237 923 4316 triennium
951 4241 1148 4344 inteprum
1189 4266 1268 4318 non
1291 4268 1381 4346 per-

192 4361 435 4454 manserint,
457 4361 642 4466 quamvis
662 4359 723 4440 vel
740 4388 763 4440 a
778 4360 1074 4466 Superioribus,
1092 4362 1154 4442 vel
1170 4391 1192 4442 a
1209 4364 1378 4462 novitiis,

191 4481 266 4561 vel
296 4482 345 4562 ab
382 4483 560 4591 utrisque
595 4485 756 4565 intentio
793 4485 987 4565 habeatur
1029 4487 1246 4595 respective
1275 4488 1377 4567 reoi-
