3550 5434
903 523 1067 580 ..136-

407 733 427 780 r<
456 703 580 801 liceat,
610 700 763 808 absque
792 700 972 798 consiliu,
986 700 1069 780 imo
1097 708 1135 782 et
1162 728 1364 782 consensu
1402 702 1577 784 duorum

406 859 426 906 «
455 855 506 908 ex
533 826 660 907 tribus
688 826 868 933 partibus
895 824 1063 933 Capituli
1093 855 1128 906 n.

479 953 589 1056 Ergo
605 950 820 1060 nequidem
839 948 1069 1058 hujusmodi
1089 949 1378 1056 praestationes
1396 950 1575 1058 religiosi

400 1077 568 1156 retinere
598 1074 746 1173 valent;
775 1075 847 1154 sed
876 1101 946 1154 eas
973 1073 1014 1154 in
1034 1072 1235 1154 aerarium
1253 1101 1471 1155 commune
1489 1101 1577 1156 ero-

400 1228 496 1306 gare
524 1200 669 1280 debent
676 1226 687 1297 ;
715 1207 850 1278 tamen
879 1225 931 1278 ex
959 1197 1034 1298 his,
1054 1197 1140 1278 suis
1159 1198 1464 1280 necessitatibus
1483 1199 1576 1279 sub

401 1325 581 1405 veniendi
610 1331 803 1405 statutum
841 1332 912 1403 est.
942 1326 1021 1402 Ast
1047 1321 1123 1402 hae
1161 1322 1444 1429 dispositiones
1479 1332 1577 1404 sunt

398 1451 439 1530 in
468 1477 578 1551 oasu,
608 1476 688 1556 quo
703 1450 846 1530 Lieelli
869 1449 954 1556 jam
982 1448 1023 1526 in
1037 1474 1162 1528 manu
1180 1447 1406 1554 Superioris
1426 1455 1573 1531 extant.

399 1575 503 1672 Quid
532 1577 733 1679 agendum
761 1574 795 1654 si
823 1573 924 1655 tales
956 1572 1244 1679 praestationes
1272 1599 1298 1653 a
1323 1574 1575 1654 Parentibus

399 1699 596 1804 religiosis
624 1699 854 1799 debeantur,
884 1706 923 1778 et
950 1725 1031 1778 non
1057 1698 1273 1797 solvantur,
1294 1699 1387 1806 quia
1405 1727 1574 1808 pauper·

399 1831 476 1904 tate
504 1824 710 1904 laborant?

479 1947 595 2028 Tune
631 1950 921 2029 recurrendum
950 1956 1010 2027 est
1038 1947 1089 2028 ad
1116 1949 1155 2030 S.
1195 1948 1343 2030 Sedem
1379 1976 1453 2055 pro
1487 1977 1576 2031 oon-

398 2071 638 2153 donotione:
671 2101 691 2148 a
720 2097 823 2177 quae
851 2070 1024 2174 benigne
1051 2070 1260 2169 committit
1278 2072 1325 2151 P.
1355 2073 1573 2179 Superiori,

402 2225 422 2274 <r
451 2205 493 2277 ut
520 2197 625 2276 veris
654 2195 916 2276 existentibus
944 2195 1128 2294 narratiS,
1148 2221 1223 2302 pro
1250 2223 1327 2276 suo
1352 2197 1514 2279 arbitrio
1535 2208 1576 2278 et

402 2353 422 2398 a
451 2319 693 2402 conscientia
721 2320 868 2400 oratori
898 2320 1099 2426 indulgeat
1126 2347 1201 2426 pro
1233 2321 1473 2402 remissione
1501 2324 1576 2401 Li-

401 2477 421 2526 «
450 2449 638 2528 vellerum
665 2473 796 2553 usque
825 2446 875 2526 ad
905 2507 913 2524 .
945 2509 953 2525 .
984 2509 992 2524 .
1024 2507 1033 2526 .
1063 2446 1116 2525 ita
1145 2453 1188 2526 ut
1214 2472 1288 2552 pro
1308 2446 1470 2527 Livellis
1491 2473 1576 2527 non

401 2604 421 2653 «
450 2573 603 2671 solutiS,
641 2570 789 2652 nihile
825 2572 1033 2682 Conventu
1069 2569 1132 2650 vel
1173 2570 1224 2650 ab
1263 2571 1412 2651 Ordine
1449 2573 1576 2680 repeti

361 2782 363 2787 ,
401 2729 420 2776 «
449 2698 599 2804 possit:
642 2703 754 2777 curet
795 2695 882 2803 ipse
922 2697 970 2775 P.
1013 2695 1216 2801 Superior,
1260 2704 1303 2777 ut
1338 2697 1431 2803 jura
1468 2696 1575 2778 Reli-

400 2852 420 2898 «
449 2822 563 2925 giosi,
593 2828 631 2901 et
659 2821 745 2928 ejus
773 2821 1003 2901 Conventus
1030 2819 1071 2898 in
1100 2827 1305 2926 posterum
1335 2828 1576 2902 sartatecta

399 2977 418 3024 a
449 2953 634 3026 tueantur
665 2975 699 3024 n.
1344 2929 1349 2934 ¹

473 3070 599 3150 Modo
629 3070 677 3150 ad
707 3068 893 3149 ultimam
921 3068 1198 3176 quaestionem
1225 3096 1385 3177 nempe,

929 3391 1039 3494 se

395 3607 458 3686 De
486 3605 817 3700 memorandus,
837 3606 897 3684 sio
917 3606 1125 3709 quaesitis,
1146 3632 1202 3683 on
1214 3607 1344 3712 possit
1361 3605 1575 3714 disponere

500 3729 733 3832 Religiosus
766 3755 844 3835 per
885 3737 1000 3808 actus
1043 3731 1149 3809 inter
1176 3732 1305 3829 uiros,
1348 3733 1407 3810 oel
1447 3758 1575 3812 como

499 3856 644 3934 mortis
676 3854 812 3952 etiam,
838 3879 914 3960 per
941 3861 1232 3934 testamentum.

474 4065 688 4145 Neminem
728 4066 823 4147 latet
859 4065 900 4145 in
936 4067 1078 4173 primis
1114 4069 1220 4174 quod
1258 4068 1365 4149 bona
1398 4071 1573 4175 religiosi

395 4189 479 4271 sive
500 4192 756 4298 projectitia,
786 4189 869 4272 sive
897 4193 1133 4288 udeeotitiu,
1154 4192 1237 4272 sive
1249 4197 1575 4301 parsimoniolia

394 4315 473 4394 sint
500 4315 749 4414 Monasterii;
780 4325 817 4395 et
844 4317 889 4416 si,
921 4317 1156 4423 praesertim
1184 4316 1387 4398 hodiernis
1423 4328 1575 4427 tempo-

393 4437 516 4535 ribus,
545 4439 757 4544 religiosus
786 4466 858 4547 pro
887 4442 1135 4522 Monasterio
1155 4442 1329 4550 disponit
1351 4474 1371 4521 «
1391 4445 1571 4552 quinimo
