3550 5434
896 554 1057 608 -114-

467 732 650 838 Simplom
684 730 911 837 dispertitur
942 731 983 811 in
1021 741 1320 840 temporaneam
1358 739 1395 811 el
1424 760 1571 841 perpe-

388 865 511 938 taam.

470 981 749 1088 Temporanea
777 981 918 1063 dieitur
946 1008 1042 1062 oum
1070 982 1121 1062 ud
1140 1008 1302 1080 annum,
1324 982 1568 1063 Triennium

384 1115 454 1185 elo.
489 1105 688 1203 emittitur,
717 1114 760 1187 ot
800 1107 841 1186 in
883 1106 1086 1186 nonnullis
1127 1105 1330 1186 hodiernis
1358 1107 1564 1205 Institutis‚

389 1230 504 1310 titulo
534 1233 815 1338 cooperimenti.

465 1355 674 1463 Perpetem
700 1355 870 1436 habetur
898 1383 993 1436 oum
1021 1356 1105 1434 sive
1134 1382 1188 1434 em
1214 1364 1333 1462 parte
1357 1355 1560 1452 Veientis,

388 1481 472 1560 sive
501 1508 556 1560 aa
570 1489 692 1588 parte
720 1480 890 1561 Ordinis
908 1482 971 1561 vel
989 1481 1185 1577 Instituti,
1206 1479 1290 1559 sive
1309 1488 1452 1559 netum
1475 1507 1565 1577 sua,

381 1607 694 1714 perpetuitatem
722 1607 916 1702 continet3
946 1605 1000 1685 uti
1033 1605 1072 1683 in
1116 1604 1229 1685 dictis
1270 1604 1474 1684 hodiernis
1510 1608 1573 1685 ln-

390 1729 533 1809 slilutis
553 1756 648 1808 oum
667 1729 871 1836 definitive
891 1731 941 1810 ud
970 1729 1223 1834 Religionem
1251 1729 1471 1835 quemdum
1490 1730 1574 1810 Po-

389 1854 542 1934 stuluns
586 1855 772 1960 (servulis
803 1855 993 1936 omnibus
1022 1863 1060 1935 et
1096 1853 1267 1959 singulis
1310 1882 1332 1933 a
1375 1856 1574 1936 Constitu-

389 1979 564 2058 lionibus
592 1979 837 2085 Apostoliois
857 1988 896 2060 et
916 1979 1078 2060 Ordinis
1094 1979 1309 2086 requisitis)
1339 1980 1570 2060 admittitur.

470 2104 574 2199 Quid
603 2104 653 2184 de
680 2105 946 2208 Proseseione
979 2105 1156 2212 simplici
1192 2104 1482 2211 praemittenda
1518 2106 1571 2185 ud

389 2228 693 2308 Prolessionem
721 2228 961 2333 solemnem?

470 2351 570 2430 Pius
599 2352 713 2457 Papa
741 2353 799 2430 lX
833 2353 876 2430 in
903 2353 1004 2432 Litl.
1025 2351 1258 2459 Encpcliois
1286 2352 1334 2431 de
1367 2354 1567 2433 Votorum

390 2473 646 2584 Simplicium
673 2476 951 2576 Professione,
974 2477 1027 2556 19
1053 2477 1185 2557 Mart.
1204 2477 1330 2558 1857.
1351 2504 1564 2558 occurrere

389 2599 529 2679 volens
558 2600 676 2680 melis
705 2627 820 2706 quoe,
850 2629 902 2681 ex
927 2601 1146 2682 deficientia
1175 2601 1395 2681 vocationis
1423 2601 1462 2681 in
1491 2603 1571 2682 Po·

390 2722 641 2824 solantibus,
672 2725 830 2804 evenire
860 2725 1080 2806 Ordinibus
1107 2724 1249 2826 solent,
1279 2726 1415 2806 statuit
1451 2735 1572 2834 utque

391 2843 564 2923 decrevit
585 2873 606 2921 n
627 2851 669 2923 ul
688 2853 847 2951 peraeto
866 2845 1102 2952 probatione
1121 2854 1159 2926 et
1172 2845 1376 2926 Novitiutu
1391 2847 1441 2926 ud
1460 2874 1573 2954 proe-

394 2997 414 3044 n
444 2966 638 3074 scriptum
680 2967 722 3048 S.
764 2967 881 3049 Cone.
932 2969 1114 3049 Trident.
1161 2970 1294 3050 Consi.
1342 2971 1481 3079 Apost.
1530 2980 1571 3051 et

394 3121 414 3168 «
444 3099 582 3172 statut.
604 3091 773 3172 Ordinis
792 3121 820 3171 a
847 3094 891 3172 S.
921 3093 1023 3172 Secle
1051 3096 1262 3204 approbat.
1290 3095 1454 3175 Nooitii
1477 3107 1570 3177 uota

394 3245 415 3293 ι(
444 3217 650 3325 simplicia
677 3215 855 3296 emittunt
882 3226 1099 3324 postquam
1127 3217 1372 3325 expleverint
1399 3227 1571 3302 aetutem

395 3371 415 3417 n
445 3366 646 3420 annorum
675 3340 881 3421 sexdecim
909 3341 960 3421 eb
989 3343 1131 3422 eodem
1159 3341 1336 3424 Concilio
1366 3352 1567 3443 statutum,

395 3494 415 3544 n
443 3467 505 3544 vel
535 3466 653 3546 etium
682 3465 891 3574 mojorem,
913 3494 1016 3573 quoe
1034 3469 1173 3547 forsan
1193 3495 1216 3548 e
1235 3470 1391 3549 statutis
1418 3471 1569 3578 proprii

395 3619 416 3667 a
445 3589 608 3671 Ordinis
627 3617 651 3670 a
669 3591 708 3671 S.
729 3591 833 3671 Sede
852 3592 1096 3698 approbetis,
1116 3593 1361 3700 requiratur:
1383 3605 1421 3674 et
1434 3597 1568 3703 quood

395 3745 415 3792 a
444 3715 590 3794 Laicos
609 3721 647 3794 el
669 3713 886 3796 Conuersos
905 3724 1121 3823 postquam
1141 3717 1191 3796 ud
1210 3745 1301 3798 eum
1316 3721 1568 3825 pervenerint

394 3868 414 3916 a
445 3846 626 3939 aetutem,
656 3839 826 3946 quaein
855 3842 990 3921 Const.
1011 3840 1135 3922 Clem.
1164 3843 1269 3922 Vlll.
1298 3843 1480 3950 incipien.
1524 3849 1569 3925 in

395 3990 416 4040 a
445 3962 640 4070 Supremo
658 4008 677 4021 -
694 3963 901 4069 praefinito
929 3973 998 4043 est.
1067 3973 1073 3982 '

343 4123 345 4128 ·
475 4115 494 4162 «
525 4087 703 4166 Prolessi
718 4094 809 4193 post
832 4088 1072 4168 Triennium
1091 4117 1115 4168 a
1133 4090 1207 4190 die,
1233 4118 1312 4199 quo
1333 4093 1442 4172 Vota
1460 4092 1569 4172 Sim-

394 4239 415 4287 «
437 4211 570 4318 plicia
597 4210 811 4310 emiserint,
840 4215 1166 4318 computandum,
1196 4217 1248 4296 ad
1272 4215 1470 4298 Votorum
1497 4219 1568 4299 So

396 4359 416 4405 «
445 4331 633 4410 lemniam
659 4331 953 4437 professionem
982 4334 1237 4415 admittentur
1265 4363 1302 4416 u.

473 4456 523 4535 Et
540 4454 582 4532 in
601 4455 934 4536 declarationibus
954 4458 1055 4538 detis
1072 4459 1122 4537 12
1140 4459 1246 4540 lunii
1263 4460 1378 4543 1858.
1400 4488 1438 4542 n.
1461 4463 1499 4542 1⁰
1515 4461 1567 4543 uit
