3550 5434
1261 1461 1891 1541 DECRETA

404 1678 456 1743 S
505 1677 1111 1742 Commemoms
1157 1697 1203 1740 A
1260 1675 1482 1741 sano
1524 1675 1704 1739 1).Νο
1752 1674 1931 1739 N.Ro
1964 1672 2387 1738 Innocsswno
2420 1672 2558 1737 ΡΡ.
2605 1672 2756 1736 XII

604 1857 816 1902 SUPER
858 1836 1261 1902 D1sc1rL1NA
1306 1836 1677 1900 Rmumm
1722 1854 2159 1900 srnoummn
2203 1853 2558 1898 DEPUTATA

717 1996 1042 2061 Esusmm
1090 1996 1296 2061 SS.m
1342 1995 1508 2091 Dm
1554 1995 1718 2060 Nm
1748 2014 2212 2060 AUCTORITATE
2258 2013 2465 2058 mmm

1339 2171 1819 2228 —QQ—

566 2475 1138 2554 Sanctissimus
1177 2475 1255 2553 in
1295 2474 1611 2557 Christo
1651 2476 1893 2556 Pater
1932 2484 2006 2555 et
2043 2478 2246 2555 D.ns
2285 2476 2479 2554 N.er
2531 2477 2752 2556 Innu-

402 2599 713 2679 centius
768 2600 1055 2679 Divina
1109 2599 1618 2681 Providentia
1688 2602 1909 2706 Papa
1982 2601 2160 2680 XII.
2220 2627 2365 2706 pro
2423 2611 2752 2707 paterna

401 2723 807 2821 charitate,
869 2750 1029 2829 qua
1084 2723 1544 2828 Religiosos
1631 2725 1974 2804 Ordines
2058 2724 2353 2823 multis,
2443 2728 2752 2829 magni-

400 2873 609 2954 sque
663 2846 742 2925 in
800 2847 1161 2928 Ecclesia
1216 2848 1363 2928 Dei
1441 2849 1742 2928 meritis
1828 2849 2333 2953 refulgenteS,
2395 2861 2470 2931 et
2525 2877 2752 2956 pecu-

399 2971 622 3051 liaris
679 2997 872 3075 erga
926 2973 1220 3052 Sedem
1284 2973 1841 3080 Apostolicam
1900 2973 2344 3054 devotionis
2429 2975 2752 3054 nomine

399 3097 1012 3176 commendatos
1052 3096 1622 3203 complectitur,
1655 3098 1937 3178 volens
1993 3125 2276 3178 eorum
2335 3126 2752 3178 conserva-

398 3220 619 3319 tioni,
663 3230 737 3300 et
774 3221 1322 3327 propagationi
1355 3223 1801 3320 consulere,
1835 3223 2236 3329 simulque
2274 3251 2376 3302 ex
2407 3225 2752 3330 injuncti]

397 3345 557 3425 sibi
612 3346 954 3425 Caelitus
1010 3346 1449 3426 pastoralis
1528 3348 1757 3454 Officj
1848 3347 2109 3429 debito
2166 3349 2606 3454 providere,
2668 3360 2752 3428 ut

397 3470 836 3573 Regularis
892 3470 972 3548 in
1029 3470 1123 3550 iis
1211 3470 1623 3577 disciplina
1707 3474 1805 3553 ad
1884 3473 2484 3577 Religiosorum
2551 3474 2756 3554 salu-

405 3605 596 3689 tem,
643 3601 716 3673 et
772 3595 1012 3675 totius
1054 3595 1474 3675 Christiani
1514 3596 1805 3701 Populi
1862 3597 2518 3697 aedificationem,
2562 3599 2756 3678 utili-

394 3725 804 3824 tatemque
861 3727 1078 3798 sarta
1133 3726 1337 3800 tecta
1413 3721 1929 3820 custodiatur,
1991 3749 2083 3801 ac
2170 3723 2451 3826 vigeat,
2514 3731 2596 3802 ut
2652 3724 2752 3804 si-

398 3842 563 3922 cuti
619 3842 973 3948 collapsa
1028 3851 1170 3941 est,
1213 3844 1636 3950 adjuvante
1693 3846 2041 3926 Domino
2082 3859 2520 3952 reparetur,
2563 3875 2752 3927 con-

401 3966 673 4064 stituit,
734 3975 810 4046 et
863 3966 1312 4066 declaravit,
1375 3995 1463 4049 se
1520 3969 1964 4051 Licentiarn
2040 3971 2460 4077 recipiendi
2520 3974 2752 4052 Nori*

396 4090 558 4172 tios
612 4091 693 4171 in
750 4091 1088 4195 singulis
1146 4092 1604 4199 approbatis
1665 4095 2100 4175 Ordinibus
2161 4096 2497 4200 benigne
2566 4124 2756 4177 cou-

397 4242 854 4316 cessurum,
916 4227 999 4298 ut
1053 4218 1525 4317 volentibuS,
1572 4228 1647 4298 et
1687 4220 2156 4325 periculosis
2214 4221 2527 4300 Saeculi
2565 4221 2756 4301 fluc-

397 4339 618 4419 tibus
673 4341 773 4420 ad
830 4341 1270 4446 Religionis
1326 4352 1647 4449 portum
1714 4346 2146 4449 confugere
2229 4346 2479 4425 facilis
2547 4354 2756 4426 tutu-

398 4491 608 4570 sque
665 4467 921 4546 aditus
1008 4467 1426 4574 aperiatur,
1515 4469 1957 4549 dummodo
2042 4480 2310 4550 tamen
2370 4497 2484 4570 ea,
2547 4497 2752 4577 quae
