3550 5434
713 503 876 558 -169-

288 681 393 762 Hinc
420 681 522 761 duae
550 681 723 788 quotidie
751 681 956 786 agitantur
985 680 1252 787 quaestiones:

343 809 377 886 l.
407 811 474 886 An
502 807 689 914 Episcopi
731 808 887 913 possint
918 807 1188 914 receptionem
1230 833 1382 912 negare

202 929 422 1034 Religiosis
450 929 685 1036 praesertim
713 929 919 1011 Dioecesis
949 929 1199 1034 originariis?

339 1056 376 1156 2,
406 1056 487 1134 Cur
522 1079 604 1133 non
646 1053 901 1160 dispensatur
942 1081 966 1133 a
992 1055 1033 1134 S.
1063 1053 1383 1158 congregatione

201 1203 329 1282 super
346 1175 552 1282 disciplina
571 1175 763 1281 Regulari
794 1205 819 1256 a
847 1177 888 1257 S.
909 1176 1159 1257 Patrimonio
1189 1203 1277 1257 cum
1305 1177 1382 1256 Rc-

200 1302 361 1404 ligiosis,
392 1327 440 1380 eo
469 1301 591 1380 modo
620 1327 700 1408 quo
730 1327 753 1379 a
782 1300 959 1382 Concilio
988 1327 1062 1407 pro
1092 1302 1299 1382 Iunonibus
1327 1303 1382 1380 le-

200 1427 289 1504 vitis
316 1424 428 1504 lacile
456 1424 707 1529 indulgetur?

286 1551 351 1628 Ad
370 1550 543 1656 primam
571 1549 848 1655 quaestionem
866 1551 1170 1655 respondentes
1200 1577 1279 1630 una
1300 1558 1374 1630 tau-

198 1684 290 1755 tum
310 1674 656 1754 animadversione
684 1674 1005 1772 satisfaciamus,
1022 1702 1168 1781 nempe
1187 1675 1380 1781 Religiosi

200 1798 435 1878 solemniter
453 1799 622 1906 professi
644 1800 954 1904 originalitatcm
974 1797 1205 1898 amiserunt,
1224 1826 1271 1880 ac
1289 1825 1382 1906 pro-

197 1923 294 2004 inde
322 1924 371 2002 de
398 1950 445 2003 ea
472 1922 657 2002 inutiliter
687 1924 739 2003 uti
759 1922 859 2003 velle
887 1923 1126 2003 desiderant.
1156 1925 1264 2004 Nam
1282 1926 1382 2004 Pro

197 2049 299 2128 fessi
327 2056 507 2129 uotorum
533 2049 763 2129 solemnium
791 2048 843 2128 ob
864 2054 1014 2128 statum
1034 2047 1267 2154 religiosum
1296 2076 1382 2156 per·

198 2182 445 2273 manentem,
462 2201 585 2281 quem
604 2173 780 2280 amplexi
794 2185 899 2274 sunt,
916 2175 955 2252 in
970 2182 1207 2281 perpetuum
1227 2200 1251 2254 a
1266 2174 1380 2282 juris-

198 2299 373 2381 dictione
399 2299 695 2405 Episcoporum
732 2299 897 2379 omnino
931 2298 1242 2379 subtrahuntur:
1272 2299 1381 2406 quod

197 2433 338 2504 tamen
365 2421 501 2503 locum
538 2450 620 2503 non
649 2423 769 2504 habet
800 2423 922 2502 relate
950 2424 1000 2504 ad
1029 2424 1245 2503 Professos
1273 2432 1380 2504 uoto-

198 2576 297 2628 rum
323 2550 565 2655 simplicium,
596 2548 665 2655 qui
694 2547 833 2628 dimitti
862 2556 900 2627 et
927 2547 1151 2654 dispensari
1185 2547 1324 2628 solent.

284 2672 349 2752 Ad
367 2671 583 2752 secundum
602 2699 698 2752 vero
715 2671 991 2779 quaestionem
1006 2670 1243 2751 solvendam
1259 2671 1378 2751 etiam

197 2796 356 2878 facilius
385 2797 559 2878 deveniri
580 2797 718 2903 possit,
739 2796 773 2875 si
793 2822 910 2876 mens
929 2803 1102 2902 ponatur
1121 2795 1161 2875 in
1187 2821 1248 2891 eo,
1271 2797 1380 2902 quod

197 2924 244 3005 S.
273 2922 537 3027 Congregatio
566 2920 729 3003 Concilii
766 2947 861 3000 cum
888 2921 975 3000 suis
1012 2919 1379 3026 dispensationibus

199 3045 397 3126 auxilium
425 3045 603 3126 validum
630 3053 803 3152 praestet
829 3043 1056 3144 luvenibuS,
1087 3052 1129 3125 ut
1162 3046 1379 3126 ascendere

197 3171 359 3250 valeant
387 3172 436 3251 ad
467 3171 639 3251 Ordines
653 3170 802 3249 Sacros
830 3195 958 3276 usque
978 3169 1028 3249 ad
1048 3168 1377 3269 presbiteratum,

194 3297 243 3376 in
270 3297 423 3376 bonum
451 3295 655 3376 Ecclesiae
683 3302 722 3374 et
739 3295 965 3375 Societatis:
995 3296 1102 3402 quod
1130 3294 1165 3374 si
1186 3295 1224 3375 id
1244 3303 1378 3400 ageret

195 3422 241 3503 S.
271 3419 536 3525 Congregatio
565 3419 807 3526 Disciplinae
835 3418 1061 3523 Regularis,
1084 3418 1279 3500 auxilium
1298 3423 1375 3501 Re·

195 3544 353 3650 ligiosis
381 3543 600 3651 praeberet,
630 3552 674 3623 ut
701 3542 853 3623 facilius
882 3542 1146 3624 valedicerent
1171 3544 1374 3640 Institutis

197 3695 374 3777 quorum
401 3668 575 3773 regulas,
605 3675 643 3748 et
671 3667 968 3747 observantiam
997 3676 1229 3774 perpetuam
1254 3666 1376 3748 libere

197 3803 240 3875 et
267 3803 410 3900 sponte
437 3820 530 3873 cum
555 3794 783 3901 juramento
813 3791 987 3898 amplexi
1016 3793 1168 3874 fuerint.

281 3917 436 4013 Quibus
460 3917 617 4017 notatis,
636 3918 802 4024 planum
817 3925 878 3997 est
892 3917 932 3996 in
947 3943 1022 3995 suo
1037 3915 1184 3996 robore
1199 3943 1375 4016 manere,

194 4068 273 4150 pro
305 4041 533 4146 Religiosis‚
576 4043 847 4123 difficultatem
884 4039 1147 4122 constituendi
1176 4039 1377 4121 Patrimo-

195 4169 313 4246 nium
339 4167 523 4265 Sacrum,
553 4177 591 4247 et
619 4167 842 4246 inveniendi
861 4165 1108 4272 Episcopum
1135 4163 1375 4245 benevolum

192 4318 274 4400 pro
302 4294 661 4373 saecularisationc
689 4299 908 4400 perpetuu:
938 4299 1072 4370 tamen
1100 4290 1199 4370 haec
1236 4317 1376 4371 saecu·

195 4418 377 4498 larizatio
406 4417 534 4498 semel
562 4425 600 4498 et
624 4418 767 4498 iterum
786 4420 1016 4498 necessaria
1036 4417 1321 4497 consideratur.
