3550 5434
717 523 878 579 -177-

205 699 416 806 Religioso
445 729 469 781 a
497 701 680 782 censuris
708 703 987 785 ecclesiasticis
1006 703 1168 804 inclite,
1198 707 1265 814 qui
1294 707 1388 814 petit

206 821 626 902 Saecularizationem.

289 947 351 1026 De
379 945 441 1025 his
471 945 661 1026 omnibus
688 953 726 1026 et
753 946 998 1052 singulatim.

347 1071 381 1148 l.
403 1071 463 1150 De
481 1072 695 1152 Sacerdote
713 1072 947 1151 solemniter
966 1072 1149 1178 professo
1165 1117 1216 1130 -
1232 1072 1299 1179 qui
1319 1098 1388 1178 pe-

205 1201 299 1272 tens
344 1193 764 1275 Saeculariectionem
801 1204 1044 1304 perpetuom
1085 1195 1202 1276 debet
1246 1222 1387 1304 preces

205 1319 368 1398 munire
397 1319 623 1400 testimonio
656 1323 955 1404 constitutionis
983 1321 1025 1401 S.
1054 1322 1320 1420 Patrimonii,
1350 1329 1389 1402 et

205 1445 503 1551 acceptationis
518 1444 895 1552 Episcopibenevoli
912 1447 1140 1553 receptoris:
1170 1454 1211 1527 et
1226 1448 1267 1528 S.
1288 1449 1389 1527 Con-

204 1569 476 1674 Congregatio
509 1599 530 1647 a
559 1569 716 1650 attentis
743 1569 1025 1650 informatione
1045 1579 1083 1650 et
1100 1578 1194 1650 voto
1222 1572 1270 1652 P.
1290 1572 1388 1650 Pro-

210 1723 232 1767 «
264 1700 388 1772 curat.
418 1691 628 1774 Generalis
659 1695 833 1795 Ordinis²
864 1722 939 1775 nec
967 1721 1050 1774 non
1078 1696 1146 1776 litt.
1177 1703 1264 1777 test.
1294 1695 1388 1802 Epi-

209 1846 231 1895 «
264 1817 376 1924 scopi
406 1817 588 1899 benevoli
616 1819 866 1926 ReceptoriS‚
890 1819 1063 1924 benigne
1092 1820 1231 1900 annuit
1259 1820 1388 1900 eidem

210 1971 233 2020 ι(
263 1942 465 2050 Episcopo
495 1943 561 2049 qui
592 1989 638 2002 -
672 1944 842 2025 constito
871 1943 946 2024 sibi
976 1946 1024 2024 de
1063 1971 1244 2050 congruo
1273 1945 1389 2052 patri-

210 2097 232 2144 «
264 2066 415 2168 monio,
445 2065 506 2146 vel
535 2068 584 2147 de
613 2067 688 2148 alia
721 2068 936 2147 sufficienti
973 2069 1263 2150 sustentatione
1298 2096 1389 2150 esse

209 2221 231 2269 u
264 2192 486 2298 provisum,
515 2191 566 2296 (si
595 2199 737 2297 agatur
755 2192 808 2272 de
837 2191 958 2289 ltalia,
980 2197 1148 2274 eiectas«
1167 2195 1278 2272 cicili
1293 2221 1389 2302 pen-

209 2348 232 2395 «
262 2316 385 2421 sione)
420 2316 495 2423 ipsi
530 2316 730 2398 licentiam
768 2319 989 2398 concedere
1034 2317 1163 2398 valeat
1198 2319 1389 2399 manendi

208 2471 230 2519 «
264 2449 378 2521 extra
414 2441 609 2542 Claustra,
648 2441 785 2522 habitu
822 2442 997 2548 regulari
1034 2442 1217 2541 dimisso,
1256 2444 1392 2548 quood

208 2597 230 2642 «
263 2567 418 2648 uicerit
448 2566 499 2671 (si
528 2566 629 2646 inter
656 2566 920 2674 possidentes
949 2569 1099 2674 ubsque
1115 2569 1192 2648 ullo
1216 2566 1302 2670 ejus
1323 2594 1390 2647 or-

210 2720 232 2769 «
263 2691 374 2770 dinis
401 2693 538 2796 onere)
570 2738 620 2750 -
648 2690 702 2772 ita
730 2700 876 2791 tamen,
907 2702 950 2772 ut
970 2691 1248 2772 substantialia
1280 2701 1390 2773 voto
1418 2689 1420 2692 ’

209 2841 370 2914 «rum,
413 2824 611 2922 quatenus
652 2816 740 2895 fieri
776 2817 940 2923 poterit,
979 2815 1185 2913 observet;
1229 2815 1390 2896 habitus

210 2969 234 3017 «
265 2938 439 3044 religiosi
466 2939 702 3020 memoriale
743 2940 906 3044 signum
948 2939 1189 3021 intrinsecus
1227 2940 1388 3036 deferat

211 3093 236 3140 «
266 3062 478 3143 Ordinario
517 3064 593 3143 looi
630 3064 758 3144 subsit
798 3064 839 3144 in
880 3064 963 3143 vim
995 3090 1155 3171 quoque
1196 3063 1390 3144 solemnis

209 3218 236 3266 «
267 3187 512 3268 obedientiae
540 3189 632 3268 voti.
662 3189 1020 3269 Constitutionibus
1062 3188 1390 3270 Ordinationibus

210 3341 236 3386 «
264 3312 508 3419 Apostoliois
550 3313 770 3420 ceterisque
811 3313 1021 3394 contrariis
1064 3312 1387 3420 quibuscumque

212 3467 238 3515 ε(
266 3462 349 3516 non
386 3435 647 3518 obstantibus.
677 3441 768 3518 Hoc
805 3447 940 3518 autem
975 3438 1179 3518 decretum
1208 3441 1256 3519 P.
1286 3441 1390 3518 Pro-

213 3601 238 3639 «
265 3562 435 3661 unciali,
455 3562 518 3641 vel
538 3562 721 3643 Genereli
738 3570 879 3642 notum
899 3560 1002 3641 illico
1031 3563 1291 3659 reddendum,
1313 3563 1390 3642 nisi

214 3718 238 3766 «
268 3685 370 3765 infra
397 3714 473 3767 secr
487 3715 650 3784 menses,
671 3685 705 3766 si
725 3686 828 3765 intra
845 3686 1000 3766 ltaliam
1021 3733 1071 3745 -
1092 3686 1155 3767 sin
1175 3715 1271 3767 vero
1288 3687 1390 3766 ultra

214 3840 238 3888 (ι
267 3819 426 3890 montes
454 3819 493 3890 et
506 3811 634 3890 maria
653 3857 704 3869 -
724 3810 826 3889 infra
845 3837 1008 3896 cnnrnn,
1032 3810 1148 3892 fuerit
1166 3810 1392 3892 executioni

213 3965 238 4014 ι(
268 3936 566 4036 demandatum,
596 3935 743 4016 mdlius
772 3944 858 4016 esto
887 3935 1045 4016 roboris
1074 3966 1110 4016 a.

295 4063 397 4158 Quid
435 4063 470 4143 si
508 4063 610 4143 intra
647 4063 955 4144 determinatum
994 4069 1152 4170 tempus
1193 4061 1392 4142 indultum

210 4196 437 4278 executioni
465 4196 627 4277 nonsit
663 4198 977 4278 demandatum?
1013 4197 1131 4276 Tunc
1159 4196 1199 4275 in
1233 4195 1392 4276 caduci-

210 4329 338 4402 tatem
366 4321 510 4402 incidit:
541 4329 579 4401 et
606 4322 723 4401 novis
742 4322 929 4428 precibus
965 4321 1136 4401 oratoris
1165 4319 1393 4400 resolidari

211 4475 239 4528 a
266 4445 308 4526 S.
339 4446 657 4552 Congregatione
684 4453 744 4525 est
764 4445 1051 4544 necessarium3
1073 4444 1248 4552 illudque
1263 4469 1393 4523 novae
