3550 5434
777 470 918 526 ..45-

336 652 418 730 Pro
448 650 746 746 communibus
777 657 815 730 et
843 649 1015 756 propriis
1043 650 1237 756 cujusque
1266 650 1436 730 necessi-

256 773 413 874 tatibus
443 801 546 882 quae
588 776 767 857 accidere
811 785 991 881 possunt,
1034 801 1141 854 unus
1170 803 1220 854 ex
1263 774 1432 854 Novitiis

254 899 365 1006 ipsis,
396 907 521 979 aetate
550 898 813 1006 moribusque
850 899 1075 1006 provectior
1117 899 1337 1007 deputetur,
1367 899 1434 1006 qui

256 1023 422 1104 absente
449 1025 580 1124 socio,
611 1023 808 1128 Magistro
848 1025 1096 1130 permittente
1138 1024 1286 1124 omnia,
1317 1034 1436 1130 prout

256 1175 361 1254 opus
391 1149 515 1247 tuerit,
548 1157 650 1254 agat,
681 1149 743 1228 cui
775 1150 894 1229 etiam
913 1152 1070 1230 ι166666
1098 1149 1292 1245 custodia,
1312 1159 1350 1229 et
1379 1175 1435 1228 re-

257 1299 350 1353 rum
379 1273 560 1354 Levioris
602 1274 797 1354 momenti
838 1272 1016 1381 provisio
1045 1273 1148 1353 intra
1191 1273 1435 1354 Novitiatum

256 1398 450 1478 committi
471 1397 633 1504 poterit;
662 1401 765 1480 Cum
786 1407 920 1480 autem
957 1399 1048 1479 licet
1065 1398 1311 1480 Clericorum
1330 1397 1434 1478 bene

255 1523 591 1604 instituendorum
612 1551 709 1604 cura
737 1523 878 1605 debeat
897 1551 988 1604 osse
1016 1525 1243 1631 praecipua,
1264 1526 1435 1605 Conver-

256 1675 398 1728 sorum
427 1657 561 1728 tamen
589 1647 795 1754 Religiosa
824 1650 1030 1730 instructio
1072 1676 1155 1728 non
1184 1649 1235 1728 sit
1261 1657 1436 1754 praetcr-

257 1773 459 1872 mittcnda‚
504 1773 600 1880 quin
646 1775 777 1880 potius
821 1774 1110 1880 aequanimiter
1156 1773 1435 1879 amplexanda,

257 1899 584 2005 quandoquidem
612 1898 708 1980 satis
737 1899 990 2005 exploratum
1019 1907 1080 1980 est
1104 1900 1274 1978 istorum
1303 1899 1437 1994 etiam,

258 2049 354 2102 cum
382 2022 583 2127 Regulam
612 2023 883 2129 profiteantur,
905 2024 1090 2104 eamdem
1110 2025 1325 2131 perfectam
1345 2024 1438 2104 edu·

258 2148 470 2244 cationem,
499 2158 585 2228 tum
614 2147 813 2253 Religioni
848 2150 1048 2242 decorem',
1077 2158 1114 2229 et
1142 2158 1436 2244 ornamentum,

257 2281 347 2352 tum
375 2273 462 2353 aliis
499 2271 802 2356 Cristifidelibus
845 2273 1176 2372 aedificationem,
1206 2272 1437 2378 exemplum

258 2407 378 2504 atque
405 2398 610 2477 utilitatem
639 2397 795 2477 afferre.
824 2398 1042 2478 Conversis
1075 2396 1174 2503 ipsis
1203 2425 1226 2474 a
1267 2397 1438 2478 Clerioo·

258 2549 353 2602 rum
381 2521 581 2602 Novitiatu
623 2530 832 2627 separatus
875 2521 925 2602 ad
963 2522 1246 2602 dormiendum
1289 2523 1436 2621 Locus,

258 2654 455 2752 quantum
483 2630 697 2726 commode
726 2647 809 2724 lieri
839 2645 992 2752 poterit,
1022 2645 1222 2750 assignari
1252 2645 1438 2752 praecipi-

257 2781 337 2869 tur,
366 2769 419 2850 illi
447 2777 594 2866 tamen,
622 2769 699 2849 hac
737 2771 988 2875 separatione
1017 2769 1324 2868 nonobstante,
1354 2771 1439 2849 Ma·

257 2893 386 3000 gistro
405 2895 668 2991 Novitiorum‚
690 2921 763 2974 seu
781 2893 1065 3000 Superioribus
1083 2895 1436 2992 Monasteriorum‚

255 3027 297 3100 et
324 3020 602 3099 Conventuum
626 3019 741 3126 juxta
775 3019 969 3126 cujusque
1012 3018 1175 3100 Ordinis
1203 3021 1372 3117 Statum,
1402 3027 1439 3098 et

256 3143 569 3225 Constitutiones
589 3143 734 3225 subditi
764 3171 866 3241 esse,
888 3153 927 3224 et
945 3143 1212 3224 obedientiam
1232 3152 1439 3249 praestare

257 3267 472 3367 debebunt,
503 3295 526 3347 a
555 3295 648 3375 quo,
666 3294 747 3347 non
767 3276 923 3348 tantum
950 3268 1056 3349 circa
1076 3268 1298 3374 corporalia
1329 3295 1440 3348 osse-

257 3393 354 3499 quia
382 3391 590 3499 probandi,
621 3403 659 3476 et
687 3393 911 3491 exercendi,
942 3419 1083 3473 verum
1126 3393 1245 3472 etiam
1274 3420 1346 3499 pro
1376 3420 1438 3472 eo·

259 3545 354 3597 rum
382 3517 609 3624 capacitate,
653 3526 690 3597 et
731 3516 1025 3616 commoditate,
1070 3518 1120 3598 de
1161 3516 1440 3623 spiritualibus

261 3643 510 3749 praesertim,
541 3644 590 3723 de
617 3643 740 3723 modo
783 3640 1007 3722 mentaliter
1049 3642 1188 3722 orandi
1233 3642 1440 3745 diligenter

259 3767 482 3848 instruendi
511 3775 636 3864 erunt,
652 3767 761 3874 quod
789 3771 836 3845 ut
860 3766 1115 3846 commodius
1143 3767 1224 3861 fiat,
1254 3768 1304 3846 ad
1331 3765 1442 3871 Capi-

261 3891 346 3972 tula
375 3899 412 3971 et
439 3891 672 3998 Spirituales
713 3891 950 3989 Conciones‚
981 3918 1083 3997 quae
1112 3918 1182 3998 per
1223 3891 1442 3994 Magistros

263 4016 434 4098 Novitiis
463 4016 548 4096 fiori
576 4015 717 4114 solent,
753 4015 937 4094 accersiri
966 4015 1148 4112 debeant,
1178 4015 1282 4095 etin
1311 4015 1442 4096 Eccle-

262 4141 336 4222 siis
351 4141 505 4222 statutis
525 4139 635 4220 horis
654 4141 903 4239 conveniant,
925 4140 1000 4220 nisi
1020 4150 1114 4220 tunc
1132 4140 1172 4220 in
1193 4141 1279 4220 suis
1299 4139 1440 4220 officiis

263 4265 468 4350 actualiter
509 4265 689 4371 occupati
731 4266 886 4344 fuerint.
916 4265 1118 4371 Tempore
1161 4291 1256 4344 vero
1298 4263 1443 4370 proba-

263 4388 384 4472 tionis
413 4389 561 4496 elapso,
590 4389 616 4470 ii
646 4397 800 4472 tantum
842 4389 910 4496 qui
939 4416 1022 4470 non
1059 4389 1192 4469 solum
1235 4389 1444 4492 religiosae
