3550 5434
885 551 922 562 -
939 522 993 576 202
1029 551 1064 562 -

469 702 581 795 Quae
609 704 745 777 tamen
773 697 969 778 distinctio
999 699 1100 780 inter
1124 697 1350 807 Apostolos
1379 707 1417 780 et
1443 701 1485 778 F
1484 703 1569 806 opi-

387 825 487 903 tioos
501 822 597 902 nihil
618 825 737 903 relert
757 825 807 905 ad
827 824 1014 904 eflectum
1036 834 1196 905 nostrae
1216 824 1372 904 Thesis:
1392 852 1569 931 namque

385 947 576 1054 quidquid
605 947 810 1047 Ecclesia,
839 947 1043 1055 Episcopi,
1065 947 1316 1056 Superiores,
1338 956 1376 1028 et
1403 951 1445 1029 S.
1472 949 1570 1029 Con·

380 1075 571 1178 preputio
598 1097 652 1152 me
680 1097 818 1153 Penus
846 1071 1081 1178 intelligunt,
1112 1085 1150 1152 et
1170 1097 1225 1153 me
1249 1097 1443 1156 snouums
1462 1074 1570 1154 intel·

385 1196 590 1302 ligendum
628 1197 874 1278 desiderant:
917 1205 955 1278 et
1002 1198 1195 1305 quidquid
1237 1225 1311 1305 pro
1345 1201 1436 1279 onis
1474 1225 1570 1306 ope-

383 1331 535 1423 rantur,
565 1332 603 1402 et
630 1331 820 1424 statuunt,
833 1349 915 1431 pro
935 1325 1032 1404 eliis
1060 1332 1272 1430 operatum
1293 1351 1340 1403 ac
1360 1325 1568 1404 Statutum

383 1447 534 1528 volunt.

463 1572 673 1680 Siquidem
697 1574 914 1680 Apostasia
941 1573 1047 1653 idem
1067 1581 1126 1653 est
1154 1601 1201 1652 ac
1229 1573 1401 1676 defectio
1421 1573 1562 1677 -leg.

382 1697 629 1777 desertorem
656 1697 705 1779 de
733 1727 778 1778 re
805 1699 998 1777 militari.
1015 1698 1197 1779 Deficere
1225 1698 1315 1805 quis
1342 1705 1472 1805 potest
1500 1697 1562 1777 vel

383 1850 407 1902 a
433 1823 527 1927 fide,
557 1823 618 1902 vel
647 1850 671 1902 a
698 1832 803 1905 statu
823 1821 995 1903 clericali
1026 1871 1074 1882 -
1108 1821 1165 1915 vel
1196 1822 1406 1902 demuma
1434 1821 1570 1928 Repe·

384 1950 468 2027 lori
490 1950 686 2048 instituto,
716 1952 782 2029 coi
796 1977 838 2028 se
857 1947 1078 2028 deoocerct.
1115 1951 1176 2029 De
1205 1949 1282 2028 hac
1314 1956 1471 2028 tantum
1490 1975 1565 2028 nos

384 2099 615 2153 sermonem
644 2073 851 2152 habemus:
882 2081 920 2152 et
948 2071 988 2152 in
1018 2101 1099 2179 qua
1130 2073 1343 2154 dicendum
1376 2099 1565 2179 peccasse

384 2205 471 2277 tum
499 2197 723 2305 Apostolos
751 2205 837 2278 tum
866 2198 1096 2304 Fopilioos;
1117 2199 1209 2305 quia
1239 2200 1322 2277 sive
1350 2199 1390 2276 in
1409 2200 1567 2306 prinas,

385 2322 536 2401 sivein
564 2320 744 2400 secundis
775 2321 946 2402 desertio
980 2324 1029 2402 ab
1059 2323 1241 2403 Instituto
1274 2319 1473 2424 religioso,
1503 2315 1567 2400 cui

387 2475 430 2527 se
460 2447 717 2545 devoverant,
748 2474 873 2553 oeque
901 2447 1140 2527 verificatur.

466 2575 575 2676 Ergo
606 2578 644 2650 et
671 2574 833 2677 utrique
861 2571 901 2650 in
944 2572 1086 2652 eodem
1128 2571 1250 2650 modo
1292 2571 1332 2649 in
1374 2596 1567 2650 censuras

386 2696 604 2776 incurrunt.

465 2821 547 2900 Pro
562 2820 671 2899 hisce
686 2846 781 2899 vero
791 2819 979 2899 omnibus
994 2822 1222 2926 antiquitus
1233 2820 1412 2925 poenalis
1427 2846 1564 2900 carcer

385 2947 426 3025 in
454 2946 700 3026 Monosterio
730 2953 834 3026 erat:
878 2946 949 3024 sed
990 2944 1108 3024 hodie
1146 2945 1325 3026 Ecclesia
1354 2947 1410 3026 uti
1438 2954 1566 3024 mater

385 3071 549 3178 pietatis,
579 3097 660 3149 non
690 3078 847 3149 recusat
867 3097 937 3148 eos
958 3069 1153 3176 amplecti,
1176 3078 1213 3151 et
1234 3070 1285 3150 ad
1302 3071 1454 3150 bonam
1482 3071 1565 3150 fru-

386 3223 479 3300 gem
507 3195 749 3299 indulgentia
769 3205 807 3273 el
826 3194 1099 3276 misericordia
1128 3194 1287 3275 reverti:
1317 3195 1564 3301 praecipiens

387 3320 668 3426 Superioribus
698 3320 871 3419 Ordinis,
902 3328 945 3398 ut
974 3321 1171 3425 profugos
1200 3329 1237 3399 et
1264 3323 1482 3426 Apostatas
1511 3319 1566 3398 in-

388 3444 567 3549 quirant:
596 3444 637 3523 in
666 3443 908 3524 monasteria
937 3443 1144 3549 recipiant:
1174 3444 1310 3523 omnia
1335 3469 1438 3549 quae
1467 3443 1564 3548 ipsis

387 3570 437 3648 ad
465 3569 615 3647 victum
644 3568 868 3648 necessaria
897 3568 1157 3674 suppeditent,
1181 3576 1222 3647 ut
1250 3595 1321 3675 per
1345 3567 1563 3647 canonicae

386 3692 648 3800 poenitentiae
675 3693 850 3772 remedia
881 3694 1033 3772 crimen
1071 3693 1234 3800 expiare
1262 3692 1435 3799 possint:
1466 3701 1502 3772 et
1530 3692 1564 3770 si

387 3820 583 3899 fateantur
611 3818 783 3923 culpem,
806 3826 842 3897 et
862 3846 884 3897 a
905 3818 1188 3924 Superioribus
1208 3816 1366 3896 veniam
1386 3825 1425 3895 et
1452 3817 1566 3896 abso-

387 3942 579 4022 lutionem
613 3941 813 4021 humiliter
850 3949 996 4046 petant,
1040 3941 1343 4048 spondeantque
1387 3940 1564 4020 melioris

385 4068 489 4148 vitae
535 4067 786 4173 propositum
828 4066 1014 4172 deinceps
1056 4093 1228 4164 servare,
1278 4066 1331 4145 ab
1376 4064 1565 4144 omnibus

387 4192 538 4297 poenis,
569 4192 714 4297 quibus
742 4199 904 4297 propter
924 4192 1178 4297 apostasiam,
1200 4199 1238 4270 et
1256 4191 1396 4296 lugam
1416 4188 1565 4269 obnoxi

389 4315 491 4411 lacti,
521 4316 828 4397 misericorditer
856 4317 1081 4396 liberentur.

469 4440 712 4546 Hujusmodi
728 4442 922 4548 exemplis
937 4442 1061 4521 innixi
1081 4439 1268 4548 Episcopi
1284 4442 1323 4518 in
1341 4439 1563 4548 Apostolos
