3550 5434
719 583 880 638 -173-

211 789 236 838 u
266 759 398 856 stituti,
428 769 465 841 et
492 763 591 841 nolis
618 764 866 870 simplicibus
886 761 1061 844 obstricti
1082 762 1165 841 sive
1185 763 1385 869 perpetuis

214 917 236 961 «
266 885 642 993 sivetemporelibus
652 895 794 994 sponte
806 888 1083 970 dimissionem
1093 889 1385 994 abApostolica

214 1041 237 1088 u
264 1010 367 1091 Sede
395 1011 587 1118 petierint,
618 1022 656 1092 at
670 1012 922 1112 obtinuerint,
938 1012 999 1092 vel
1016 1011 1126 1092 aliter
1142 1039 1192 1092 ex
1212 1017 1384 1120 Aposto-

212 1162 236 1211 «
263 1133 340 1214 lico
359 1134 563 1241 privilegio
584 1163 606 1215 a
624 1136 728 1215 votis
747 1136 994 1243 simplicibus
1019 1134 1080 1215 vel
1100 1138 1300 1242 perpetuis
1320 1136 1383 1217 vel

212 1287 236 1335 u
264 1261 534 1365 temporaneis
561 1260 778 1367 dispensati
811 1261 966 1360 fuerint,
996 1287 1047 1340 ex
1075 1262 1287 1343 &Auerno
1305 1285 1384 1342 non

212 1413 236 1459 u
263 1407 428 1468 uxnenr
455 1384 578 1465 donec
605 1385 847 1494 Episcopum
884 1385 1107 1466 benevolum
1140 1393 1384 1492 receptorem

211 1534 234 1582 u
265 1507 500 1605 inuenerint,
522 1516 559 1588 et
572 1507 621 1587 cle
635 1510 904 1589 ecclesiastico
917 1509 1173 1616 patrimonio
1193 1509 1274 1588 sibi
1290 1535 1384 1616 prc-

211 1659 234 1706 «
264 1631 459 1712 uiderint:
502 1661 621 1713 secus
656 1635 844 1740 suspensi
885 1641 1074 1714 maneant
1116 1631 1166 1712 ab
1196 1634 1382 1714 exercitio

211 1785 234 1831 «
263 1782 432 1837 suorum
462 1758 714 1838 ordinum».

290 1881 406 1976 Quod
434 1882 649 1990 porrigitur
686 1884 938 1988 quandoque,
977 1909 1054 1989 per
1096 1885 1381 1989 acceptionem,

207 2005 328 2085 etiam
347 2006 563 2111 Religiosis
573 2008 804 2087 solemniter
814 2006 1026 2114 professis;
1047 2032 1140 2086 cum
1160 2006 1262 2085 hi—
1275 2007 1397 2118 nulla¹

206 2129 399 2211 militante
425 2131 600 2236 legitima
628 2130 1001 2212 Saeculariuationis
1016 2157 1140 2211 causa
1158 2177 1211 2190 -
1225 2132 1266 2212 S.
1283 2133 1384 2213 Con·

206 2255 481 2359 gregationem
509 2257 653 2336 iterum
689 2255 914 2362 iterumque
949 2263 1136 2363 premunt
1177 2255 1234 2334 ud
1272 2257 1382 2336 ilbtm

205 2378 475 2460 obtinendum.
505 2382 596 2461 Hoc
614 2380 654 2460 in
674 2381 796 2461 modo
816 2380 864 2460 de
884 2407 1025 2459 eorum
1049 2378 1165 2486 culpa
1184 2381 1382 2486 poeniten-

204 2501 304 2581 tiam
318 2512 448 2607 agant,
465 2530 559 2583 curn
574 2504 761 2611 suspensi
780 2503 880 2584 inter
899 2503 1071 2611 populos
1089 2530 1237 2608 vagare
1257 2506 1381 2585 coacti

204 2635 316 2706 sunt:
355 2635 392 2707 et
433 2628 668 2736 plerumque
705 2655 846 2708 eorum
883 2628 1198 2735 resipiscentiam
1235 2657 1258 2708 a
1294 2631 1380 2711 Deo

203 2751 357 2856 optimo
398 2754 594 2850 Maximo,
637 2753 763 2858 gratia
801 2762 1054 2860 cooperante,
1093 2754 1284 2860 consequi
1327 2753 1381 2832 vi-

202 2876 360 2956 dentur.

286 3037 403 3116 Nunc
418 3037 467 3116 de
479 3037 837 3118 Saecularizatione
844 3065 923 3144 per
937 3035 1098 3117 modum
1113 3039 1377 3144 empulsiom's.

729 3378 763 3481 S·
793 3377 862 3456 9³¹·

447 3606 618 3695 Quando
646 3606 770 3686 detur
799 3608 1128 3687 Saeculurr'sutio

499 3811 580 3891 per
605 3784 767 3863 utorium
795 3786 1075 3891 empulsioru's?

285 3995 455 4100 Contigit
491 3995 716 4102 aliquand0,
754 4005 797 4075 ut
834 3996 873 4075 in
912 3997 1110 4104 aliquibus
1151 3997 1377 4077 Provinciis

199 4118 384 4199 nonnulli
412 4119 604 4223 Religiosi
632 4119 705 4198 viri
733 4121 856 4199 vitam
875 4121 1022 4200 ducant
1050 4119 1185 4200 minus
1214 4130 1376 4201 rectam:

198 4244 298 4323 hinc
316 4246 365 4324 ad
380 4245 666 4324 resumendam
680 4243 907 4347 regularem
927 4244 1236 4346 observantiam,
1253 4272 1375 4352 quam

199 4367 435 4447 solemniter
462 4367 632 4474 professi
651 4379 755 4466 sunt,
789 4367 829 4446 in
862 4371 1092 4449 Conventus
1121 4369 1261 4468 vocati,
1297 4370 1376 4475 plu·

200 4492 284 4572 ries
329 4493 515 4572 resistant
524 4519 534 4590 3
582 4492 871 4573 hortationibus
914 4520 994 4573 non
1036 4503 1212 4600 pareant,
1256 4521 1376 4602 saepe
