3550 5434
928 510 1071 564 ,96-

543 691 583 770 6⁰
611 691 671 769 De
701 689 931 798 Hospitibus
948 737 998 748 -
1015 691 1173 770 Domus
1201 690 1504 795 Religiosorum
1519 690 1588 771 ali·

409 815 581 921 quando,
614 815 674 894 vel
703 813 743 893 in
773 815 978 894 montibus
1007 815 1195 912 existunt,
1226 816 1286 895 vel
1316 843 1339 895 a
1369 815 1587 897 Civitateet

409 941 524 1046 pagis
544 941 764 1046 plurimum
794 940 958 1020 distant:
988 940 1236 1048 plerumque,
1257 950 1301 1021 ut
1320 940 1474 1039 accidit,
1494 941 1588 1019 Via·

408 1074 528 1162 tores
558 1071 674 1144 nocte
716 1064 910 1163 veniente,
955 1065 994 1144 in
1035 1064 1112 1144 illis
1152 1075 1389 1172 pernoctare
1431 1064 1587 1144 deside-

408 1198 516 1285 rent3
559 1190 630 1269 sed
672 1216 793 1296 saepe
830 1190 992 1295 saepius
1021 1217 1044 1269 a
1072 1190 1298 1270 minoribus
1326 1199 1421 1270 sunt
1461 1188 1585 1270 corni-

394 1315 487 1413 ·tati,
517 1323 555 1394 et
582 1314 831 1420 Superiores
853 1313 929 1393 hac
948 1314 1191 1420 experientia
1211 1315 1352 1410 edocti,
1374 1342 1397 1394 a
1416 1316 1455 1395 S.
1477 1316 1585 1392 Con-

407 1439 639 1543 gregatione
667 1437 866 1518 licentiam
887 1448 1024 1545 petunt
1042 1467 1114 1519 eos
1133 1467 1256 1546 posse
1274 1440 1376 1520 intra
1399 1439 1584 1519 Claustra

407 1563 604 1670 recipere:
634 1589 737 1669 quae
770 1593 790 1640 «
817 1566 914 1644 solet
942 1563 1145 1669 indulpere
1173 1564 1232 1661 ad
1264 1566 1504 1661 Triennium,
1543 1567 1582 1642 et

319 1693 324 1708 ‘
411 1718 431 1766 <‹
462 1689 646 1767 adhibitis
675 1689 837 1768 cautelis
864 1717 912 1768 nc
940 1689 1126 1768 scandali
1134 1692 1306 1769 ‘occasio
1344 1689 1461 1768 detur
1491 1719 1525 1768 u.

487 1813 587 1892 Heio
616 1823 756 1892 exorta
785 1822 846 1892 est
873 1813 1065 1919 quaestio,
1096 1822 1230 1893 utrum
1259 1815 1300 1892 in
1329 1841 1426 1893 casu
1447 1839 1584 1892 neces-

408 1937 513 2018 saria
560 1938 609 2017 sit
654 1937 884 2018 huiusmodi
925 1939 966 2019 S.
1008 1939 1124 2019 Sedis
1165 1938 1349 2021 licentiat
1384 1936 1582 2020 Nonnulli

407 2065 604 2143 Doctores
646 2089 737 2142 eam
779 2063 987 2166 denegant,
1031 2063 1124 2170 quia
1166 2064 1296 2168 agitur
1324 2066 1374 2145 de
1401 2072 1582 2169 tempore

407 2213 596 2293 parvqe
574 2186 880 2292 etquandoque
909 2188 958 2267 de
979 2187 1109 2286 boris3
1139 2191 1294 2286 sed‚t
1244 2189 1294 2268 sit
1314 2187 1581 2287 veniaverb0‚

406 2310 495 2391 talis
524 2311 734 2416 responsio
763 2337 845 2390 non
874 2313 1002 2391 estin
1031 2312 1170 2392 veritat
1171 2315 1441 2452 eNamque
1472 2311 1582 2418 quod

406 2435 661 2540 prohibitum,
705 2443 766 2514 est
794 2462 955 2542 semper
996 2436 1240 2542 prohibitum
1269 2442 1390 2517 etiam
1432 2436 1514 2517 ini
1502 2439 1582 2515 ictu

406 2561 617 2665 temporis:
646 2558 709 2638 ius
738 2558 845 2639 enirn
874 2568 911 2639 et
939 2561 1134 2641 ordinatio
1162 2588 1244 2641 non
1273 2562 1511 2642 dividuntur.

485 2686 603 2782 Sane,
632 2684 757 2766 Clem.
787 2685 839 2764 X.
870 2684 911 2762 in
939 2685 1001 2764 cit.
1029 2687 1147 2766 Decr.
1177 2686 1346 2794 loquens
1384 2685 1503 2766 etiam
1531 2684 1581 2763 de

407 2809 634 2916 Hospitibus
662 2808 798 2915 inquit,
829 2809 879 2888 ad
908 2810 1171 2890 dubitandum
1197 2811 1238 2889 in
1267 2810 1461 2891 Claustris
1497 2834 1602 2888 non*

406 2959 496 3012 esse
536 2932 797 3037 recipiendae,
841 2934 985 3040 quovis
1027 2934 1164 3015 habitu
1202 2936 1374 3032 indutos>
1419 2937 1480 3014 vel
1521 2934 1581 3012 in·

406 3056 598 3154 duendos,
629 3055 704 3135 sub
733 3057 877 3163 quovis
897 3066 1116 3162 praetextu,
1139 3060 1199 3138 vel
1219 3089 1354 3160 causa,
1376 3069 1444 3141 aut
1462 3085 1581 3167 quae

405 3181 480 3260 sito
510 3181 643 3260 colore
671 3208 716 3260 se
745 3181 958 3262 exhibeant
977 3184 1052 3262 nisi
1081 3187 1304 3288 ripesimum
1324 3186 1462 3266 aetatis
1482 3210 1582 3264 suae

405 3331 558 3384 annum
586 3305 831 3410 expleverint
858 3308 1036 3414 —quod
1066 3310 1099 3387 si
1126 3309 1193 3388 lex
1222 3309 1499 3391 limitationem
1514 3307 1581 3388 ali-

406 3453 540 3534 quarn,
570 3428 632 3507 vel
661 3429 958 3535 exemptionem
986 3433 1174 3512 inducere
1203 3434 1329 3532 vellet,
1361 3434 1494 3514 verbis
1514 3459 1580 3511 ex-

406 3551 668 3657 primeret:e
669 3555 818 3661 tquod
847 3581 928 3635 non
957 3567 1017 3636 est
1045 3584 1297 3664 expressum,
1336 3557 1491 3638 incivile
1519 3564 1580 3636 est

404 3675 643 3779 legislatoris
684 3680 806 3758 menti
780 3681 1006 3778 taddere,
1037 3681 1201 3789 ejusque
1244 3683 1407 3781 claram,
1447 3681 1580 3762 claris·

406 3799 552 3878 simam
567 3801 810 3882 voluntatem
829 3803 962 3883 subtili
981 3805 1301 3912 interpretatione
1321 3805 1577 3886 obumbrare.

405 3923 590 4030 Namque
618 3925 657 4002 in
687 3953 730 4005 re
758 3927 807 4006 de
834 3955 915 4035 qua
957 3930 1097 4032 agitur,
1141 3930 1285 4035 ingenii
1315 3931 1472 4010 vexatio
1510 3957 1579 4036 po

404 4047 605 4154 tiusquam
634 4049 839 4131 utilitatem
868 4053 1023 4153 afferre,
1053 4054 1248 4135 damnum
1276 4065 1314 4137 et
1350 4055 1577 4136 inobedien-

404 4171 500 4251 tiam
528 4172 692 4254 inducit:
722 4202 844 4282 quam
872 4177 912 4259 S.
943 4179 1209 4283 Congregatio
1232 4208 1308 4288 per
1334 4181 1580 4261 succulaex-

404 4294 523 4401 periri
550 4322 631 4376 non
660 4298 801 4378 debuit.

484 4420 673 4521 Defectui
699 4423 836 4503 aetatis
865 4451 985 4530 saepe
1014 4427 1175 4533 saepius
1203 4431 1416 4536 opponitur
1443 4438 1482 4509 et
1509 4456 1579 4510 cac·
