3550 5434
715 551 876 609 -117-

207 763 230 809 «
264 731 455 812 habeatur
483 733 701 839 respective
736 731 937 813 emittendi
964 733 1071 811 Vota
1100 730 1307 829 solemnia,
1347 737 1385 808 el

208 887 229 934 «
263 859 313 938 ad
340 885 387 937 ea
415 857 640 964 recipiendi,
670 885 717 938 ac
747 883 888 936 omnes
917 856 1016 936 ritus
1045 855 1306 936 adhibeantur
1334 854 1384 934 ad

209 1013 230 1060 a
261 983 461 1062 Votorum
489 982 728 1061 solemnium
757 981 1050 1087 professionem
1084 978 1313 1086 praescripti
1345 1007 1380 1055 ».

289 1109 400 1211 Ergo
428 1131 509 1184 non
538 1106 761 1212 praemissa
788 1105 1047 1184 Professione
1081 1103 1250 1209 simplici
1293 1111 1384 1183 ante

204 1231 502 1336 professionem
530 1230 766 1329 solemnem,
791 1230 994 1338 professio
1022 1230 1209 1308 solemnis
1237 1236 1297 1308 est
1326 1229 1384 1305 ir-

203 1357 298 1435 rita
325 1362 363 1434 et
390 1356 536 1435 nullius
565 1356 738 1434 roboris.

287 1482 460 1586 Exque
491 1485 573 1559 tres
603 1479 860 1586 quaestiones
890 1478 1090 1558 oriuntur:

343 1605 382 1683 1⁰
410 1611 476 1683 An
506 1603 771 1707 Congregatio
798 1603 927 1709 possit
955 1601 1188 1708 dispensare
1216 1629 1240 1680 a
1276 1601 1384 1681 Pro-

200 1730 386 1828 fessione
413 1729 589 1836 simplici
619 1737 709 1806 ante
737 1727 1029 1833 professionem
1057 1727 1295 1806 solemnem?

341 1849 382 1927 2⁰
409 1853 476 1927 An
505 1846 630 1927 soleat
659 1845 916 1952 dispensarer

341 1971 381 2050 3⁰
408 1969 621 2064 Quomodo
650 1993 694 2046 se
726 1975 838 2070 gerat
874 1991 970 2045 cum
1013 1972 1154 2068 agatur
1191 1966 1239 2045 de
1275 1963 1384 2044 Reli-

201 2091 330 2197 giosis
358 2099 470 2172 extra
499 2091 698 2172 Ditionem
726 2091 861 2171 Italiae
889 2089 1136 2196 praesertim,
1173 2089 1240 2196 qui
1283 2101 1382 2168 tem·

201 2243 304 2324 pore
326 2215 411 2322 jam
440 2223 528 2296 acto
559 2245 580 2294 a
608 2225 743 2296 tamen
771 2223 864 2321 post
892 2212 1058 2294 relatam
1086 2213 1218 2318 legem
1246 2240 1265 2288 a
1293 2221 1384 2292 tan-

202 2351 292 2421 tum
326 2342 433 2420 Vota
460 2342 655 2422 solemnia
683 2346 777 2418 sunt
805 2339 1051 2444 nuncupati?

286 2467 499 2546 Romanus
527 2463 712 2542 Pontifex
740 2463 794 2542 uti
815 2470 962 2542 arcator
976 2464 1074 2567 lepis
1093 2469 1222 2568 potest
1243 2488 1383 2540 revera

205 2589 242 2668 ei
271 2591 483 2694 derogare3
512 2587 771 2667 nihilominus
800 2614 881 2666 non
911 2588 1086 2690 derogat.
1126 2589 1176 2665 Et
1212 2585 1248 2665 S.
1284 2587 1383 2665 Con-

201 2713 397 2818 gregatim
427 2740 530 2820 quae
557 2738 715 2817 semper
735 2711 815 2816 agit
843 2711 1005 2790 nomine
1033 2708 1252 2807 Pontificis‚
1288 2736 1383 2816 sup·

202 2837 375 2944 plicibus
401 2836 542 2916 libellis
572 2836 622 2916 ad
652 2835 755 2914 banc
769 2835 1108 2940 dispensationem
1124 2834 1381 2914 obtinendam

203 2959 361 3060 oblatis
391 2986 606 3040 assensum
635 2959 827 3066 praebere
856 2965 1025 3038 recusat.

289 3087 332 3165 In
360 3083 521 3166 casibus
554 3110 645 3163 vero
675 3083 826 3164 ordinis
864 3082 1036 3182 socialis
1058 3083 1113 3164 uli
1146 3084 1186 3162 in
1223 3087 1265 3166 3‘
1296 3111 1384 3190 pro-

201 3208 335 3319 posita
362 3209 605 3316 quaestione,
624 3208 673 3287 ad
703 3209 854 3314 majora
885 3207 991 3287 mala
1012 3208 1204 3304 evitanda,
1225 3210 1383 3289 Profes-

201 3335 343 3414 siones
371 3333 574 3412 solemnes
601 3333 661 3410 sio
683 3340 877 3441 peractos
914 3342 1029 3411 sanat
1067 3333 1110 3410 in
1144 3332 1316 3410 radice:
1346 3345 1383 3414 et

196 3457 316 3567 jubet
346 3487 366 3534 «
395 3456 553 3538 Decreti
582 3465 877 3563 transumptum
907 3484 929 3535 a
957 3456 1170 3560 Superiora
1199 3457 1382 3536 Generali

206 3616 228 3660 a
261 3582 485 3662 executioni
514 3581 811 3678 demandatum,
840 3580 880 3659 in
909 3579 1100 3660 Archivio
1123 3592 1277 3661 secroto
1310 3582 1383 3662 Or-

205 3738 228 3786 «
261 3706 365 3788 dinis
394 3706 608 3787 asservari:
638 3707 751 3813 cujus
785 3705 991 3812 exemplar
1033 3705 1303 3785 authenticum
1343 3706 1383 3785 in

206 3867 225 3909 e
260 3840 416 3911 secreto
445 3829 619 3910 archivio
652 3830 887 3910 Provinciae
925 3856 1084 3936 quoqne
1116 3830 1307 3909 custodiri
1345 3859 1380 3910 v.

288 3956 404 4053 Quod
434 3955 467 4034 si
506 3964 647 4058 agatur
679 3955 728 4034 de
768 3952 1096 4033 professionibus
1133 3952 1275 4034 illicitis
1320 3956 1383 4035 vel

201 4080 390 4162 invalidis
426 4105 725 4162 smeunnmren
752 4081 938 4186 receptis,
966 4078 1029 4157 vel
1058 4105 1109 4156 ex
1141 4078 1295 4158 defectu
1322 4106 1384 4158 re·

202 4204 364 4312 gularis
394 4204 652 4312 receptionis;
682 4212 750 4284 aut
776 4202 965 4307 illegitimi
986 4202 1221 4302 Novitiatus,
1246 4203 1308 4282 vel
1328 4203 1385 4283 al-

202 4328 334 4411 terius
370 4327 502 4434 justae
529 4327 694 4407 rationis
727 4358 747 4405 <v
777 4328 936 4432 praevia
974 4326 1223 4406 absolutione
1258 4327 1384 4431 Supe-

207 4483 231 4533 «
261 4452 414 4532 riorum
441 4481 544 4560 quos
574 4452 709 4532 attinet
737 4479 760 4530 a
796 4453 977 4531 censuris
1010 4449 1308 4547 ecclesiasticis;
1346 4459 1385 4530 et
