3550 5434
349 1123 413 1201 De
439 1121 652 1224 Relipiosis
680 1119 976 1198 transeuntibus
1004 1117 1062 1196 ad
1087 1116 1269 1196 ordinem

548 1282 758 1360 strictioris
785 1281 1071 1359 observantiae.

295 1567 435 1648 Statim
465 1566 724 1648 animadverti
754 1564 1114 1644 existimamus-
1143 1555 1394 1667 Religiosum

214 1693 440 1772 coirentarie
469 1692 519 1770 ad
548 1692 668 1770 alium
695 1689 949 1794 Religionem
978 1687 1158 1785 transire,
1189 1688 1222 1768 si
1261 1686 1391 1784 libere,

214 1817 328 1914 licite,
358 1823 396 1895 et
423 1815 550 1896 debite
578 1815 617 1896 id
645 1815 712 1894 fiet
739 1862 791 1873 —
824 1815 1054 1893 necessario
1087 1839 1183 1891 cum
1218 1811 1308 1918 quis
1343 1809 1394 1889 ob

214 1942 607 2047 incorrepibclitatem
635 1967 657 2018 u
686 1965 762 2019 suo
791 1937 971 2017 Instituta
1001 1935 1196 2043 ejicietur:
1223 1935 1394 2040 denique

213 2065 433 2169 Sacrilego,
465 2091 558 2143 cum
588 2091 609 2142 e
637 2061 886 2144 Monasterio
916 2061 1025 2165 fugit,
1055 2071 1091 2140 et
1123 2087 1196 2167 per
1237 2069 1395 2166 apostu-

213 2191 319 2269 sium
346 2216 463 2268 suum
492 2189 638 2268 deserit
664 2185 1030 2292 congregationem.
1087 2220 1089 2230 ⁴

295 2313 400 2393 Hinc
442 2313 622 2418 queritur
663 2313 702 2390 1⁰
729 2318 797 2391 An
829 2310 980 2390 licitum
1021 2311 1071 2390 sit
1115 2309 1306 2390 Professo
1344 2309 1393 2388 eb

213 2465 297 2518 una
324 2437 514 2542 religione
543 2439 593 2517 ud
622 2437 741 2516 alium
769 2435 966 2516 transiret

298 2563 490 2641 Generice
518 2563 718 2667 loquendo
747 2563 978 2666 nepaticam
1007 2585 1096 2640 esse
1125 2559 1300 2639 dandum
1338 2586 1395 2638 re-

212 2691 487 2796 sponsionem.
523 2689 591 2766 An
618 2687 727 2764 enim
763 2689 811 2766 D.
860 2685 1015 2767 Paulus
1047 2685 1088 2763 in
1118 2687 1158 2764 1·
1186 2684 1335 2764 Corint.
1356 2687 1392 2764 7.

212 2842 250 2893 v.
280 2817 333 2895 20
361 2863 412 2874 -
441 2814 709 2919 icnccsqaisqae
737 2813 777 2888 in
804 2837 853 2889 ea
881 2813 1084 2891 uocatione
1113 2837 1194 2916 qua
1232 2816 1393 2889 uocatas

212 2948 283 3038 est,
313 2941 357 3018 in
384 2967 433 3018 ea
453 2944 710 3045 permaneat.

294 3065 374 3144 Sed
403 3063 496 3169 quid
539 3061 751 3142 dicendum
798 3061 831 3141 si
876 3059 1107 3165 Religiosus
1153 3058 1274 3138 vitum
1306 3085 1395 3164 per-

211 3189 417 3270 fectiorem
458 3186 609 3324 diligiti
642 3213 712 3292 per
755 3211 1008 3291 consequens
1055 3185 1105 3264 ud
1146 3184 1395 3264 strictiorem

211 3314 503 3418 Retipionemt
504 3311 656 3390 runsire
685 3311 907 3391 desiderat?
869 3309 1160 3415 tt‘Affirma
1146 3335 1201 3387 cce
1238 3307 1395 3413 reponi-

214 3451 295 3518 tur:
325 3449 364 3518 at
390 3436 598 3542 responsio
628 3434 803 3514 sumitur
831 3462 854 3514 a
883 3437 979 3540 Cup.
1010 3433 1101 3514 licet
1128 3433 1222 3511 h.t.
1253 3433 1323 3512 e't
1253 3457 1394 3538 epm

210 3562 395 3641 olimstu
399 3569 529 3642 tutum
557 3568 641 3639 erut
668 3559 708 3637 in
737 3561 859 3640 Cone.
889 3557 1153 3658 Triburiensi,
1183 3557 1291 3663 quod
1332 3583 1395 3635 re-

210 3689 336 3766 fertur
368 3687 478 3766 Can:
513 3686 700 3790 Virgines
735 3687 769 3764 1.
805 3683 925 3765 Cares.
955 3685 998 3763 2.
1028 3709 1072 3790 q:
1101 3685 1142 3761 4.

294 3811 449 3891 Tamen
478 3810 554 3888 hoc
588 3810 812 3889 iaciendum
854 3837 937 3888 non
978 3808 1128 3903 leviter,
1171 3832 1301 3912 neque
1345 3814 1394 3884 te-

210 3962 334 4036 mere,
376 3936 476 4014 idest
462 3942 584 4014 tnon
612 3934 670 4012 ira
699 3934 760 4013 vel
790 3933 893 4034 odiu,
937 3960 1069 4039 neque
1110 3933 1151 4011 in
1194 3939 1286 4010 cont
1288 3957 1394 4036 emp-

209 4070 299 4138 tum
327 4059 519 4139 obedient
495 4067 591 4139 tzme
621 4059 734 4138 sedt
721 4067 803 4138 an
804 4087 875 4138 um
905 4065 972 4138 rat
975 4059 1172 4138 iirtonea
1175 4059 1262 4136 cis.
1306 4057 1391 4135 Sta-

208 4185 284 4264 tuit
312 4184 420 4263 enim
447 4184 571 4263 Clem.
606 4183 772 4263 VIILin
792 4183 900 4262 decr.
921 4183 969 4261 de
985 4183 1119 4289 Repu
1119 4208 1182 4260 ar
1199 4184 1377 4288 Aposte
1314 4185 1395 4258 tet

209 4306 380 4413 Ejectis,
411 4334 449 4387 n.
478 4307 515 4386 2.
545 4355 597 4372 -
630 4339 650 4386 (ι
678 4335 729 4385 ne
757 4306 864 4386 ullus
894 4307 942 4386 de
987 4314 1117 4385 cetero
1146 4304 1394 4411 permittetur

212 4466 236 4510 ι(
266 4432 324 4512 ad
348 4435 567 4513 arctiorem
596 4434 825 4539 religionem
855 4433 1036 4532 transire,
1074 4430 1150 4510 nisi
1189 4427 1394 4535 Superiori

1291 4592 1318 4630 14
