3550 5434
913 563 1073 620 -194-

404 784 425 829 «
454 753 564 832 omni
592 761 772 858 ternpore
800 748 948 828 inventi
985 755 1089 846 sunt,
1134 748 1201 854 qui
1244 749 1324 849 diu,
1363 749 1499 832 nullo:
1529 797 1579 810 -

404 908 425 954 a
454 876 561 982 quod
590 876 698 956 enim
726 874 947 982 pretiosum
976 881 1046 972 est,
1076 899 1169 952 raro
1199 899 1359 981 semper
1388 874 1460 956 fuit
1488 903 1522 956 ».

484 1001 732 1081 Contendent
747 1000 810 1079 alii
831 998 1083 1080 excessivam
1099 999 1389 1104 profugorum,
1407 1005 1581 1107 Aposta-

398 1134 545 1225 tarum,
574 1127 888 1233 Ejeotorumque
926 1121 1220 1204 multitudinem
1249 1152 1300 1204 ex
1316 1125 1439 1204 nimia
1459 1125 1581 1206 facili-

397 1258 477 1330 tate
505 1249 718 1356 profluere,
748 1275 828 1355 qua
856 1248 908 1328 ad
936 1249 1131 1346 debitum,
1172 1257 1208 1328 et
1236 1247 1294 1327 ed
1319 1249 1579 1329 Noet'tt‘etum

398 1374 655 1480 recipiuntur,
685 1373 931 1480 quicumque
959 1399 1004 1452 se
1032 1371 1231 1476 Religioni
1260 1373 1440 1454 offerant.
1485 1375 1579 1454 Inde

398 1500 520 1580 Clem.
542 1500 636 1579 VIII
655 1499 695 1577 in
715 1498 801 1577 suis
821 1499 965 1578 Gener.
992 1497 1173 1576 Decretis
1192 1525 1314 1606 super
1328 1498 1577 1580 adnttsstone

397 1623 659 1705 Nouitierom
689 1670 740 1682 -
769 1630 808 1702 et
835 1624 923 1704 Inn.
952 1621 1028 1703 XII
1072 1625 1115 1700 in
1156 1621 1315 1702 decreto
1344 1621 1392 1702 de
1420 1624 1578 1730 Ejectis

396 1750 469 1827 sud
499 1773 606 1827 atino
643 1747 767 1847 1693,
797 1747 918 1854 ajunt.
948 1793 999 1805 -
1025 1776 1045 1823 a
1075 1751 1129 1826 At
1158 1747 1249 1854 quia
1265 1747 1387 1826 nimia
1403 1748 1489 1827 sine
1511 1749 1579 1828 de·

400 1902 420 1949 «
450 1873 552 1952 leotu
583 1871 749 1952 facilitas
777 1871 991 1978 reeipiendi
1035 1897 1317 1978 quoscumque
1353 1871 1577 1976 Religionis

401 2027 421 2072 «
451 1996 681 2101 ingressum
710 2005 902 2104 petentes,
933 2004 971 2075 et
999 2025 1021 2076 a
1052 1995 1260 2100 Religione
1306 1996 1442 2076 forsan
1485 1997 1578 2077 alie-

401 2151 421 2197 «
450 2147 526 2201 nos
567 2121 712 2200 duram
753 2122 850 2201 satis
892 2127 1020 2200 traotu
1064 2121 1256 2226 temporis
1298 2121 1576 2200 necessitatem

401 2275 420 2322 «
451 2244 551 2351 parit
579 2245 743 2325 eosdem
771 2272 793 2324 e
821 2245 1007 2324 claustris
1037 2243 1214 2351 ejiciendi
1244 2271 1279 2324 n.

476 2369 555 2449 Alii
572 2372 737 2450 demum
766 2378 976 2449 autumant
995 2397 1082 2448 rem
1103 2369 1332 2476 hujusmodi
1347 2372 1575 2477 procedere,

396 2495 489 2602 quia
535 2496 692 2575 decreta
739 2494 902 2574 Conoilii
945 2494 1177 2592 Tridentini,
1216 2503 1335 2600 atque
1377 2495 1575 2576 Ordinum

394 2620 588 2724 Regulam
600 2619 967 2718 etConstitutiones‚
986 2619 1035 2698 ab
1051 2619 1284 2725 Apostolioa
1300 2621 1416 2717 Sede,
1434 2621 1577 2726 adpro

393 2743 520 2841 botae,
550 2771 680 2851 neque
708 2744 961 2825 adamussim
995 2743 1274 2824 observantur.

474 2871 699 2952 Concilium
726 2869 904 2951 Trident.
927 2896 1026 2950 sane
1058 2872 1101 2948 in
1126 2896 1221 2949 sess.
1241 2871 1302 2950 25
1330 2871 1379 2950 de
1398 2869 1577 2973 Regula·-

394 2993 465 3072 rib.
495 2996 537 3074 C.
567 2996 605 3074 3.
633 2994 772 3100 inquit.
808 3025 828 3072 a
849 2997 894 3072 In
923 2979 1191 3092 Monasteriis
1214 3001 1252 3074 et
1271 2994 1471 3075 Domibus
1489 3002 1576 3074 tam

398 3146 419 3196 «
447 3119 639 3218 virorum,
684 3146 807 3225 quam
844 3118 1074 3216 mulierum,
1114 3122 1145 3198 r's
1184 3128 1341 3198 tentum
1384 3147 1576 3199 rrumerus

398 3271 419 3318 «
447 3242 711 3323 eonstituatur
739 3242 1074 3348 (Religiosorum)
1106 3271 1155 3321 oe
1195 3245 1453 3351 imposterum
1486 3270 1577 3323 con-

398 3395 418 3445 «
445 3376 636 3468 servetur,
666 3367 733 3474 qui
761 3365 823 3446 vel
852 3395 904 3448 ex
933 3368 1124 3448 reditibus
1166 3369 1338 3475 propriis
1377 3377 1577 3448 monaste

397 3521 418 3569 a
446 3492 612 3590 riorum,
644 3494 705 3574 vel
734 3492 938 3573 consuetis
968 3492 1235 3599 eleemosynis
1264 3493 1465 3574 cem-mode
1476 3521 1576 3602 pos-

396 3643 417 3692 «
445 3617 501 3695 sit
528 3619 752 3697 sustentari
781 3645 818 3697 n.

471 3741 588 3836 Quod
617 3740 779 3847 quidem
807 3739 1120 3820 saluberrimum
1150 3749 1409 3848 praeceptum
1430 3739 1480 3821 ab
1513 3742 1574 3820 In-

391 3864 574 3945 nocentio
602 3865 709 3944 XIII.
738 3864 974 3945 innovatum
1004 3866 1075 3944 luit
1104 3866 1143 3944 in
1181 3893 1255 3946 sua
1284 3868 1420 3948 Const.
1463 3865 1574 3973 Apo-

389 3991 523 4069 stolict
550 3991 773 4069 ministerii
799 3991 835 4094 g.
866 3991 917 4068 14
945 4039 998 4054 -
1027 3991 1194 4070 subinde
1236 3991 1487 4088 confirmata,
1526 3989 1568 4068 in

390 4114 521 4194 forma
548 4114 735 4221 specifica
763 4141 787 4192 a
816 4114 989 4195 Summo
1010 4115 1205 4194 Pontifioe
1225 4116 1441 4196 Benedioto
1462 4115 1568 4196 XIII.

391 4264 460 4343 per
489 4238 620 4338 aliam,
637 4237 701 4318 eui
720 4237 887 4318 initium.
910 4241 1024 4319 -In
1042 4267 1228 4348 supremo
1243 4241 1462 4321 militantis
1490 4237 1570 4320 Ec·

393 4363 551 4443 etesiae.

473 4489 560 4567 Nos
588 4496 733 4589 autem,
763 4488 1005 4594 experientia
1025 4490 1165 4582 edoeti,
1187 4489 1465 4570 existimamus
1486 4515 1571 4570 non
