<?xml version="1.0" encoding="UTF-8"?>
<!DOCTYPE html PUBLIC "-//W3C//DTD XHTML 1.0 Transitional//EN"
    "http://www.w3.org/TR/xhtml1/DTD/xhtml1-transitional.dtd">
<html xmlns="http://www.w3.org/1999/xhtml" xml:lang="en" lang="en">
 <head>
  <title>
</title>
<meta http-equiv="Content-Type" content="text/html;charset=utf-8" />
  <meta name='ocr-system' content='tesseract 3.04.00' />
  <meta name='ocr-capabilities' content='ocr_page ocr_carea ocr_par ocr_line ocrx_word'/>
</head>
<body>
  <div class='ocr_page' id='page_1' title='image "./dejurepracticor00nervgoog_0109.png"; bbox 0 0 3550 5434; ppageno 0'>
   <div class='ocr_carea' id='block_1_1' title="bbox 716 587 877 644">
    <p class='ocr_par' dir='ltr' id='par_1_1' title="bbox 716 587 877 644">
     <span class='ocr_line' id='line_1_1' title="bbox 716 587 877 644; baseline 0.012 -16"><span class='ocrx_word' id='word_1_1' title='bbox 716 587 877 644; x_wconf 70' lang='lat' dir='ltr'><em>-10u-</em></span> 
     </span>
    </p>
   </div>
   <div class='ocr_carea' id='block_1_2' title="bbox 204 765 1388 1000">
    <p class='ocr_par' dir='ltr' id='par_1_2' title="bbox 204 765 1388 1000">
     <span class='ocr_line' id='line_1_2' title="bbox 205 765 1388 873; baseline 0.001 -27"><span class='ocrx_word' id='word_1_2' title='bbox 205 794 299 846; x_wconf 88' lang='lat' dir='ltr'><em>esse</em></span> <span class='ocrx_word' id='word_1_3' title='bbox 327 774 523 846; x_wconf 86' lang='lat' dir='ltr'><em>censetur.</em></span> <span class='ocrx_word' id='word_1_4' title='bbox 554 765 672 846; x_wconf 86' lang='lat' dir='ltr'><em>Unde</em></span> <span class='ocrx_word' id='word_1_5' title='bbox 702 767 940 873; x_wconf 75' lang='lat' dir='ltr'>Superiores</span> <span class='ocrx_word' id='word_1_6' title='bbox 983 767 1033 847; x_wconf 88' lang='lat' dir='ltr'><em>ad</em></span> <span class='ocrx_word' id='word_1_7' title='bbox 1075 765 1306 873; x_wconf 87' lang='lat' dir='ltr'><em>hujusmodi</em></span> <span class='ocrx_word' id='word_1_8' title='bbox 1333 769 1388 847; x_wconf 88' lang='lat' dir='ltr'><em>vi-</em></span> 
     </span>
     <span class='ocr_line' id='line_1_3' title="bbox 204 890 1381 1000; baseline -0.001 -28"><span class='ocrx_word' id='word_1_9' title='bbox 204 892 372 972; x_wconf 88' lang='lat' dir='ltr'><em>tandam</em></span> <span class='ocrx_word' id='word_1_10' title='bbox 414 893 748 1000; x_wconf 69' lang='lat' dir='ltr'><em>interruptionem</em></span> <span class='ocrx_word' id='word_1_11' title='bbox 790 919 813 972; x_wconf 88' lang='lat' dir='ltr'><em>a</em></span> <span class='ocrx_word' id='word_1_12' title='bbox 846 893 886 973; x_wconf 90' lang='lat' dir='ltr'><em>S.</em></span> <span class='ocrx_word' id='word_1_13' title='bbox 916 891 1020 972; x_wconf 88' lang='lat' dir='ltr'><em>Sede</em></span> <span class='ocrx_word' id='word_1_14' title='bbox 1048 890 1272 971; x_wconf 75' lang='lat' dir='ltr'>facultatem</span> <span class='ocrx_word' id='word_1_15' title='bbox 1305 893 1381 972; x_wconf 94' lang='lat' dir='ltr'><em>im-</em></span> 
     </span>
    </p>
   </div>
   <div class='ocr_carea' id='block_1_3' title="bbox 205 1015 1386 1231">
    <p class='ocr_par' dir='ltr' id='par_1_3' title="bbox 205 1015 1386 1231">
     <span class='ocr_line' id='line_1_4' title="bbox 205 1015 1384 1123; baseline 0.002 -29"><span class='ocrx_word' id='word_1_16' title='bbox 205 1015 385 1123; x_wconf 84' lang='lat' dir='ltr'><em>plorant3</em></span> <span class='ocrx_word' id='word_1_17' title='bbox 415 1043 538 1123; x_wconf 90' lang='lat' dir='ltr'><em>quam</em></span> <span class='ocrx_word' id='word_1_18' title='bbox 576 1018 616 1097; x_wconf 89' lang='lat' dir='ltr'><em>S.</em></span> <span class='ocrx_word' id='word_1_19' title='bbox 647 1015 914 1120; x_wconf 82' lang='lat' dir='ltr'><em>Congregatio</em></span> <span class='ocrx_word' id='word_1_20' title='bbox 943 1016 1124 1096; x_wconf 87' lang='lat' dir='ltr'><em>concedit</em></span> <span class='ocrx_word' id='word_1_21' title='bbox 1159 1031 1184 1093; x_wconf 75' lang='lat' dir='ltr'><em>&#39;a</em></span> <span class='ocrx_word' id='word_1_22' title='bbox 1215 1019 1384 1098; x_wconf 85' lang='lat' dir='ltr'><em>constitu</em></span> 
     </span>
     <span class='ocr_line' id='line_1_5' title="bbox 210 1135 1386 1231; baseline 0.001 -17"><span class='ocrx_word' id='word_1_23' title='bbox 210 1167 231 1214; x_wconf 92' lang='lat'>«</span> <span class='ocrx_word' id='word_1_24' title='bbox 261 1135 310 1214; x_wconf 86' lang='lat' dir='ltr'><em>de</em></span> <span class='ocrx_word' id='word_1_25' title='bbox 338 1135 579 1217; x_wconf 72' lang='lat' dir='ltr'><em>rationabili</em></span> <span class='ocrx_word' id='word_1_26' title='bbox 609 1161 747 1231; x_wconf 82' lang='lat' dir='ltr'><em>ceusu,</em></span> <span class='ocrx_word' id='word_1_27' title='bbox 778 1144 815 1214; x_wconf 88' lang='lat' dir='ltr'><em>el</em></span> <span class='ocrx_word' id='word_1_28' title='bbox 842 1135 1065 1215; x_wconf 90' lang='lat' dir='ltr'><em>dummodo</em></span> <span class='ocrx_word' id='word_1_29' title='bbox 1083 1136 1252 1216; x_wconf 83' lang='lat' dir='ltr'><em>Jueenes</em></span> <span class='ocrx_word' id='word_1_30' title='bbox 1279 1137 1386 1215; x_wconf 89' lang='lat' dir='ltr'><em>Pro·</em></span> 
     </span>
    </p>
   </div>
   <div class='ocr_carea' id='block_1_4' title="bbox 207 1259 1388 2490">
    <p class='ocr_par' dir='ltr' id='par_1_4' title="bbox 209 1259 1017 1368">
     <span class='ocr_line' id='line_1_6' title="bbox 209 1259 1017 1368; baseline -0.001 -30"><span class='ocrx_word' id='word_1_31' title='bbox 209 1291 230 1338; x_wconf 90' lang='lat'>«</span> <span class='ocrx_word' id='word_1_32' title='bbox 264 1259 416 1341; x_wconf 79' lang='lat' dir='ltr'><em>baridos</em></span> <span class='ocrx_word' id='word_1_33' title='bbox 445 1261 684 1341; x_wconf 71' lang='lat' dir='ltr'><em>comitentur</em></span> <span class='ocrx_word' id='word_1_34' title='bbox 712 1259 964 1368; x_wconf 72' lang='lat' dir='ltr'><em>Superiores,</em></span> <span class='ocrx_word' id='word_1_35' title='bbox 998 1289 1017 1337; x_wconf 83' lang='lat' dir='ltr'><em>n</em></span> 
     </span>
    </p>

    <p class='ocr_par' dir='ltr' id='par_1_5' title="bbox 290 1384 958 1492">
     <span class='ocr_line' id='line_1_7' title="bbox 290 1384 958 1492; baseline 0 -26"><span class='ocrx_word' id='word_1_36' title='bbox 290 1386 395 1466; x_wconf 92' lang='lat' dir='ltr'><em>Hinc</em></span> <span class='ocrx_word' id='word_1_37' title='bbox 424 1384 497 1465; x_wconf 87' lang='lat' dir='ltr'><em>alia</em></span> <span class='ocrx_word' id='word_1_38' title='bbox 528 1385 686 1489; x_wconf 84' lang='lat' dir='ltr'><em>exurgit.</em></span> <span class='ocrx_word' id='word_1_39' title='bbox 714 1385 958 1492; x_wconf 83' lang='lat' dir='ltr'><em>disquisitio:</em></span> 
     </span>
    </p>

    <p class='ocr_par' dir='ltr' id='par_1_6' title="bbox 207 1510 1387 1866">
     <span class='ocr_line' id='line_1_8' title="bbox 290 1510 1387 1619; baseline -0.004 -28"><span class='ocrx_word' id='word_1_40' title='bbox 290 1517 358 1591; x_wconf 89' lang='lat' dir='ltr'><em>An</em></span> <span class='ocrx_word' id='word_1_41' title='bbox 385 1512 574 1618; x_wconf 79' lang='lat' dir='ltr'><em>praedicti</em></span> <span class='ocrx_word' id='word_1_42' title='bbox 603 1511 762 1608; x_wconf 78' lang='lat' dir='ltr'><em>Neritii,</em></span> <span class='ocrx_word' id='word_1_43' title='bbox 793 1510 860 1618; x_wconf 93' lang='lat' dir='ltr'><em>qui</em></span> <span class='ocrx_word' id='word_1_44' title='bbox 890 1511 930 1589; x_wconf 93' lang='lat' dir='ltr'><em>in</em></span> <span class='ocrx_word' id='word_1_45' title='bbox 951 1512 1097 1619; x_wconf 86' lang='lat' dir='ltr'><em>prime</em></span> <span class='ocrx_word' id='word_1_46' title='bbox 1124 1513 1258 1591; x_wconf 91' lang='lat' dir='ltr'><em>Domo</em></span> <span class='ocrx_word' id='word_1_47' title='bbox 1277 1511 1387 1589; x_wconf 83' lang='lat' dir='ltr'><em>noci-</em></span> 
     </span>
     <span class='ocr_line' id='line_1_9' title="bbox 207 1633 1384 1744; baseline -0.003 -27"><span class='ocrx_word' id='word_1_48' title='bbox 207 1637 357 1717; x_wconf 86' lang='lat' dir='ltr'><em>tiotum</em></span> <span class='ocrx_word' id='word_1_49' title='bbox 385 1637 628 1743; x_wconf 86' lang='lat' dir='ltr'><em>inceperunt,</em></span> <span class='ocrx_word' id='word_1_50' title='bbox 659 1635 816 1744; x_wconf 87' lang='lat' dir='ltr'><em>possint</em></span> <span class='ocrx_word' id='word_1_51' title='bbox 843 1636 884 1716; x_wconf 89' lang='lat' dir='ltr'><em>in</em></span> <span class='ocrx_word' id='word_1_52' title='bbox 913 1636 1048 1715; x_wconf 84' lang='lat' dir='ltr'><em>ultera</em></span> <span class='ocrx_word' id='word_1_53' title='bbox 1084 1633 1271 1743; x_wconf 82' lang='lat' dir='ltr'><em>prosequi</em></span> <span class='ocrx_word' id='word_1_54' title='bbox 1291 1661 1384 1714; x_wconf 92' lang='lat' dir='ltr'><em>eum</em></span> 
     </span>
     <span class='ocr_line' id='line_1_10' title="bbox 207 1759 506 1866; baseline 0 -26"><span class='ocrx_word' id='word_1_55' title='bbox 207 1767 248 1840; x_wconf 89' lang='lat' dir='ltr'><em>et</em></span> <span class='ocrx_word' id='word_1_56' title='bbox 276 1759 506 1866; x_wconf 75' lang='lat' dir='ltr'><em>compleret</em></span> 
     </span>
    </p>

    <p class='ocr_par' dir='ltr' id='par_1_7' title="bbox 207 1882 1388 2490">
     <span class='ocr_line' id='line_1_11' title="bbox 290 1882 1386 1993; baseline -0.004 -27"><span class='ocrx_word' id='word_1_57' title='bbox 290 1885 333 1966; x_wconf 90' lang='lat' dir='ltr'><em>Si</em></span> <span class='ocrx_word' id='word_1_58' title='bbox 374 1894 530 1966; x_wconf 87' lang='lat' dir='ltr'><em>constat</em></span> <span class='ocrx_word' id='word_1_59' title='bbox 570 1885 691 1993; x_wconf 88' lang='lat' dir='ltr'><em>quod,</em></span> <span class='ocrx_word' id='word_1_60' title='bbox 736 1885 775 1963; x_wconf 94' lang='lat' dir='ltr'><em>in</em></span> <span class='ocrx_word' id='word_1_61' title='bbox 805 1885 984 1964; x_wconf 85' lang='lat' dir='ltr'><em>secunda</em></span> <span class='ocrx_word' id='word_1_62' title='bbox 1012 1886 1159 1981; x_wconf 86' lang='lat' dir='ltr'><em>Deme,</em></span> <span class='ocrx_word' id='word_1_63' title='bbox 1189 1882 1240 1962; x_wconf 88' lang='lat' dir='ltr'><em>sit</em></span> <span class='ocrx_word' id='word_1_64' title='bbox 1268 1883 1386 1963; x_wconf 90' lang='lat' dir='ltr'><em>etiam</em></span> 
     </span>
     <span class='ocr_line' id='line_1_12' title="bbox 207 2007 1386 2108; baseline -0.005 -16"><span class='ocrx_word' id='word_1_65' title='bbox 207 2007 435 2092; x_wconf 86' lang='lat' dir='ltr'><em>Novitiatus</em></span> <span class='ocrx_word' id='word_1_66' title='bbox 464 2010 656 2090; x_wconf 88' lang='lat' dir='ltr'><em>canonice</em></span> <span class='ocrx_word' id='word_1_67' title='bbox 676 2021 848 2108; x_wconf 83' lang='lat' dir='ltr'><em>erectus3</em></span> <span class='ocrx_word' id='word_1_68' title='bbox 868 2017 964 2090; x_wconf 90' lang='lat' dir='ltr'><em>tunc</em></span> <span class='ocrx_word' id='word_1_69' title='bbox 983 2010 1179 2090; x_wconf 90' lang='lat' dir='ltr'><em>Summus</em></span> <span class='ocrx_word' id='word_1_70' title='bbox 1198 2009 1386 2088; x_wconf 85' lang='lat' dir='ltr'><em>Pontifex</em></span> 
     </span>
     <span class='ocr_line' id='line_1_13' title="bbox 207 2133 1388 2242; baseline -0.003 -27"><span class='ocrx_word' id='word_1_71' title='bbox 207 2135 387 2240; x_wconf 80' lang='lat' dir='ltr'><em>indulget</em></span> <span class='ocrx_word' id='word_1_72' title='bbox 418 2166 438 2212; x_wconf 80' lang='lat' dir='ltr'><em>a</em></span> <span class='ocrx_word' id='word_1_73' title='bbox 468 2161 541 2242; x_wconf 91' lang='lat' dir='ltr'><em>pro</em></span> <span class='ocrx_word' id='word_1_74' title='bbox 570 2135 695 2240; x_wconf 84' lang='lat' dir='ltr'><em>gratia</em></span> <span class='ocrx_word' id='word_1_75' title='bbox 715 2135 998 2231; x_wconf 88' lang='lat' dir='ltr'><em>translationis,</em></span> <span class='ocrx_word' id='word_1_76' title='bbox 1020 2145 1137 2241; x_wconf 89' lang='lat' dir='ltr'><em>atque</em></span> <span class='ocrx_word' id='word_1_77' title='bbox 1166 2160 1239 2240; x_wconf 91' lang='lat' dir='ltr'><em>pro</em></span> <span class='ocrx_word' id='word_1_78' title='bbox 1269 2133 1388 2212; x_wconf 89' lang='lat' dir='ltr'><em>facul-</em></span> 
     </span>
     <span class='ocr_line' id='line_1_14' title="bbox 212 2258 1386 2368; baseline -0.002 -30"><span class='ocrx_word' id='word_1_79' title='bbox 212 2291 235 2339; x_wconf 84' lang='lat'>«</span> <span class='ocrx_word' id='word_1_80' title='bbox 264 2267 341 2342; x_wconf 87' lang='lat' dir='ltr'><em>tate</em></span> <span class='ocrx_word' id='word_1_81' title='bbox 370 2259 464 2340; x_wconf 92' lang='lat' dir='ltr'><em>inibi</em></span> <span class='ocrx_word' id='word_1_82' title='bbox 492 2261 762 2368; x_wconf 89' lang='lat' dir='ltr'><em>prosequendi</em></span> <span class='ocrx_word' id='word_1_83' title='bbox 790 2270 828 2341; x_wconf 89' lang='lat' dir='ltr'><em>et</em></span> <span class='ocrx_word' id='word_1_84' title='bbox 862 2258 1090 2367; x_wconf 87' lang='lat' dir='ltr'><em>complendi</em></span> <span class='ocrx_word' id='word_1_85' title='bbox 1127 2258 1386 2356; x_wconf 89' lang='lat' dir='ltr'><em>Novitiatum,</em></span> 
     </span>
     <span class='ocr_line' id='line_1_15' title="bbox 215 2379 1388 2490; baseline -0.002 -27"><span class='ocrx_word' id='word_1_86' title='bbox 215 2417 237 2462; x_wconf 78' lang='lat' dir='ltr'><em>n</em></span> <span class='ocrx_word' id='word_1_87' title='bbox 265 2385 486 2465; x_wconf 92' lang='lat' dir='ltr'><em>dummodo</em></span> <span class='ocrx_word' id='word_1_88' title='bbox 514 2385 553 2464; x_wconf 92' lang='lat' dir='ltr'><em>in</em></span> <span class='ocrx_word' id='word_1_89' title='bbox 583 2412 630 2465; x_wconf 93' lang='lat' dir='ltr'><em>ea</em></span> <span class='ocrx_word' id='word_1_90' title='bbox 658 2386 793 2466; x_wconf 86' lang='lat' dir='ltr'><em>omnia</em></span> <span class='ocrx_word' id='word_1_91' title='bbox 812 2395 850 2466; x_wconf 90' lang='lat' dir='ltr'><em>et</em></span> <span class='ocrx_word' id='word_1_92' title='bbox 869 2383 1028 2489; x_wconf 84' lang='lat' dir='ltr'><em>singula</em></span> <span class='ocrx_word' id='word_1_93' title='bbox 1056 2383 1283 2490; x_wconf 77' lang='lat' dir='ltr'><em>compleant</em></span> <span class='ocrx_word' id='word_1_94' title='bbox 1300 2379 1388 2462; x_wconf 92' lang='lat' dir='ltr'><em>No-</em></span> 
     </span>
    </p>
   </div>
   <div class='ocr_carea' id='block_1_5' title="bbox 212 2507 1387 2734">
    <p class='ocr_par' dir='ltr' id='par_1_8' title="bbox 212 2507 1387 2734">
     <span class='ocr_line' id='line_1_16' title="bbox 213 2507 1387 2616; baseline -0.003 -28"><span class='ocrx_word' id='word_1_95' title='bbox 213 2508 358 2606; x_wconf 82' lang='lat' dir='ltr'><em>«vitii,</em></span> <span class='ocrx_word' id='word_1_96' title='bbox 387 2535 490 2616; x_wconf 90' lang='lat' dir='ltr'><em>quae</em></span> <span class='ocrx_word' id='word_1_97' title='bbox 520 2537 542 2589; x_wconf 92' lang='lat' dir='ltr'><em>a</em></span> <span class='ocrx_word' id='word_1_98' title='bbox 579 2509 936 2590; x_wconf 88' lang='lat' dir='ltr'><em>Constitutionibus</em></span> <span class='ocrx_word' id='word_1_99' title='bbox 971 2507 1215 2615; x_wconf 89' lang='lat' dir='ltr'><em>Apostolicis</em></span> <span class='ocrx_word' id='word_1_100' title='bbox 1251 2518 1288 2586; x_wconf 91' lang='lat' dir='ltr'><em>et</em></span> <span class='ocrx_word' id='word_1_101' title='bbox 1316 2507 1387 2587; x_wconf 91' lang='lat' dir='ltr'><em>Or-</em></span> 
     </span>
     <span class='ocr_line' id='line_1_17' title="bbox 212 2625 1386 2734; baseline -0.002 -28"><span class='ocrx_word' id='word_1_102' title='bbox 212 2660 235 2707; x_wconf 91' lang='lat'>«</span> <span class='ocrx_word' id='word_1_103' title='bbox 265 2629 380 2728; x_wconf 90' lang='lat' dir='ltr'><em>dinis,</em></span> <span class='ocrx_word' id='word_1_104' title='bbox 411 2655 484 2734; x_wconf 91' lang='lat' dir='ltr'><em>pro</em></span> <span class='ocrx_word' id='word_1_105' title='bbox 523 2629 764 2709; x_wconf 90' lang='lat' dir='ltr'><em>institutione</em></span> <span class='ocrx_word' id='word_1_106' title='bbox 793 2636 831 2708; x_wconf 92' lang='lat' dir='ltr'><em>et</em></span> <span class='ocrx_word' id='word_1_107' title='bbox 858 2628 1092 2709; x_wconf 81' lang='lat' dir='ltr'><em>educatione</em></span> <span class='ocrx_word' id='word_1_108' title='bbox 1134 2625 1386 2707; x_wconf 89' lang='lat' dir='ltr'><em>Novitiorum</em></span> 
     </span>
    </p>
   </div>
   <div class='ocr_carea' id='block_1_6' title="bbox 208 2762 1416 4593">
    <p class='ocr_par' dir='ltr' id='par_1_9' title="bbox 212 2762 602 2834">
     <span class='ocr_line' id='line_1_18' title="bbox 212 2762 602 2834; baseline 0 -2"><span class='ocrx_word' id='word_1_109' title='bbox 212 2784 235 2832; x_wconf 90' lang='lat'>«</span> <span class='ocrx_word' id='word_1_110' title='bbox 265 2762 411 2834; x_wconf 81' lang='lat' dir='ltr'><em>statuta</em></span> <span class='ocrx_word' id='word_1_111' title='bbox 439 2762 533 2834; x_wconf 84' lang='lat' dir='ltr'><em>sunl</em></span> <span class='ocrx_word' id='word_1_112' title='bbox 566 2781 602 2832; x_wconf 80' lang='lat' dir='ltr'><em>u.</em></span> 
     </span>
    </p>

    <p class='ocr_par' dir='ltr' id='par_1_10' title="bbox 208 2874 1416 3356">
     <span class='ocr_line' id='line_1_19' title="bbox 291 2874 1388 2982; baseline -0.005 -24"><span class='ocrx_word' id='word_1_113' title='bbox 291 2878 501 2975; x_wconf 88' lang='lat' dir='ltr'><em>Quaeritur</em></span> <span class='ocrx_word' id='word_1_114' title='bbox 520 2877 719 2957; x_wconf 89' lang='lat' dir='ltr'><em>secundo:</em></span> <span class='ocrx_word' id='word_1_115' title='bbox 749 2882 883 2954; x_wconf 91' lang='lat' dir='ltr'><em>utrum</em></span> <span class='ocrx_word' id='word_1_116' title='bbox 905 2874 1057 2982; x_wconf 89' lang='lat' dir='ltr'><em>absque</em></span> <span class='ocrx_word' id='word_1_117' title='bbox 1076 2874 1233 2954; x_wconf 89' lang='lat' dir='ltr'><em>licentia</em></span> <span class='ocrx_word' id='word_1_118' title='bbox 1260 2875 1301 2956; x_wconf 89' lang='lat' dir='ltr'><em>S.</em></span> <span class='ocrx_word' id='word_1_119' title='bbox 1321 2875 1388 2955; x_wconf 90' lang='lat' dir='ltr'><em>Se-</em></span> 
     </span>
     <span class='ocr_line' id='line_1_20' title="bbox 208 2999 1416 3110; baseline -0.007 -26"><span class='ocrx_word' id='word_1_120' title='bbox 208 3003 273 3086; x_wconf 91' lang='lat' dir='ltr'><em>dis</em></span> <span class='ocrx_word' id='word_1_121' title='bbox 301 3002 456 3110; x_wconf 87' lang='lat' dir='ltr'><em>possint</em></span> <span class='ocrx_word' id='word_1_122' title='bbox 478 3001 623 3081; x_wconf 90' lang='lat' dir='ltr'><em>Novitii</em></span> <span class='ocrx_word' id='word_1_123' title='bbox 642 3009 733 3080; x_wconf 85' lang='lat' dir='ltr'><em>ante</em></span> <span class='ocrx_word' id='word_1_124' title='bbox 762 2999 918 3079; x_wconf 88' lang='lat' dir='ltr'><em>civilem</em></span> <span class='ocrx_word' id='word_1_125' title='bbox 938 2999 1214 3079; x_wconf 86' lang='lat' dir='ltr'><em>auctoritatem</em></span> <span class='ocrx_word' id='word_1_126' title='bbox 1233 2999 1374 3079; x_wconf 82' lang='lat' dir='ltr'><em>sistere</em></span> <span class='ocrx_word' id='word_1_127' title='bbox 1413 3085 1416 3088; x_wconf 15' lang='lat'><strong>⁴</strong></span> 
     </span>
     <span class='ocr_line' id='line_1_21' title="bbox 208 3123 1386 3232; baseline -0.005 -25"><span class='ocrx_word' id='word_1_128' title='bbox 208 3127 330 3208; x_wconf 87' lang='lat' dir='ltr'><em>etiam</em></span> <span class='ocrx_word' id='word_1_129' title='bbox 358 3154 382 3208; x_wconf 91' lang='lat' dir='ltr'><em>a</em></span> <span class='ocrx_word' id='word_1_130' title='bbox 409 3125 690 3232; x_wconf 89' lang='lat' dir='ltr'><em>Superioribus</em></span> <span class='ocrx_word' id='word_1_131' title='bbox 711 3123 896 3221; x_wconf 85' lang='lat' dir='ltr'><em>comitati,</em></span> <span class='ocrx_word' id='word_1_132' title='bbox 918 3131 957 3203; x_wconf 88' lang='lat' dir='ltr'><em>et</em></span> <span class='ocrx_word' id='word_1_133' title='bbox 984 3149 1055 3230; x_wconf 89' lang='lat' dir='ltr'><em>per</em></span> <span class='ocrx_word' id='word_1_134' title='bbox 1073 3150 1198 3203; x_wconf 91' lang='lat' dir='ltr'><em>unam</em></span> <span class='ocrx_word' id='word_1_135' title='bbox 1226 3131 1386 3202; x_wconf 86' lang='lat' dir='ltr'><em>noctem</em></span> 
     </span>
     <span class='ocr_line' id='line_1_22' title="bbox 208 3251 829 3356; baseline -0.01 -24"><span class='ocrx_word' id='word_1_136' title='bbox 208 3259 323 3332; x_wconf 82' lang='lat' dir='ltr'><em>extra</em></span> <span class='ocrx_word' id='word_1_137' title='bbox 352 3251 534 3332; x_wconf 88' lang='lat' dir='ltr'><em>Claustra</em></span> <span class='ocrx_word' id='word_1_138' title='bbox 563 3251 829 3356; x_wconf 75' lang='lat' dir='ltr'><em>permaneret</em></span> 
     </span>
    </p>

    <p class='ocr_par' dir='ltr' id='par_1_11' title="bbox 208 3371 1390 3833">
     <span class='ocr_line' id='line_1_23' title="bbox 291 3371 1388 3482; baseline -0.006 -26"><span class='ocrx_word' id='word_1_139' title='bbox 291 3377 490 3482; x_wconf 79' lang='lat' dir='ltr'><em>Nepatiee</em></span> <span class='ocrx_word' id='word_1_140' title='bbox 509 3374 846 3482; x_wconf 87' lang='lat' dir='ltr'><em>respondendum,</em></span> <span class='ocrx_word' id='word_1_141' title='bbox 868 3399 930 3473; x_wconf 87' lang='lat' dir='ltr'><em>ne,</em></span> <span class='ocrx_word' id='word_1_142' title='bbox 952 3373 1070 3452; x_wconf 88' lang='lat' dir='ltr'><em>etiam</em></span> <span class='ocrx_word' id='word_1_143' title='bbox 1098 3371 1138 3450; x_wconf 90' lang='lat' dir='ltr'><em>in</em></span> <span class='ocrx_word' id='word_1_144' title='bbox 1163 3399 1273 3470; x_wconf 87' lang='lat' dir='ltr'><em>casu,</em></span> <span class='ocrx_word' id='word_1_145' title='bbox 1293 3398 1388 3450; x_wconf 90' lang='lat' dir='ltr'><em>vera</em></span> 
     </span>
     <span class='ocr_line' id='line_1_24' title="bbox 208 3496 1390 3605; baseline -0.005 -23"><span class='ocrx_word' id='word_1_146' title='bbox 208 3501 436 3582; x_wconf 81' lang='lat' dir='ltr'><em>Novitiatus</em></span> <span class='ocrx_word' id='word_1_147' title='bbox 463 3499 695 3605; x_wconf 89' lang='lat' dir='ltr'><em>interruptio</em></span> <span class='ocrx_word' id='word_1_148' title='bbox 723 3497 929 3578; x_wconf 86' lang='lat' dir='ltr'><em>habeatur.</em></span> <span class='ocrx_word' id='word_1_149' title='bbox 959 3497 1137 3577; x_wconf 88' lang='lat' dir='ltr'><em>Romani</em></span> <span class='ocrx_word' id='word_1_150' title='bbox 1170 3496 1390 3577; x_wconf 88' lang='lat' dir='ltr'><em>Pontifices</em></span> 
     </span>
     <span class='ocr_line' id='line_1_25' title="bbox 210 3623 1388 3720; baseline -0.006 -13"><span class='ocrx_word' id='word_1_151' title='bbox 210 3653 311 3707; x_wconf 85' lang='lat' dir='ltr'><em>sane</em></span> <span class='ocrx_word' id='word_1_152' title='bbox 339 3625 442 3706; x_wconf 89' lang='lat' dir='ltr'><em>hanc</em></span> <span class='ocrx_word' id='word_1_153' title='bbox 471 3626 696 3706; x_wconf 87' lang='lat' dir='ltr'><em>facultatem</em></span> <span class='ocrx_word' id='word_1_154' title='bbox 726 3623 800 3703; x_wconf 84' lang='lat' dir='ltr'><em>sibi</em></span> <span class='ocrx_word' id='word_1_155' title='bbox 829 3631 1099 3720; x_wconf 85' lang='lat' dir='ltr'><em>reservarunt,</em></span> <span class='ocrx_word' id='word_1_156' title='bbox 1120 3630 1157 3701; x_wconf 90' lang='lat' dir='ltr'><em>et</em></span> <span class='ocrx_word' id='word_1_157' title='bbox 1185 3623 1235 3702; x_wconf 93' lang='lat' dir='ltr'><em>de</em></span> <span class='ocrx_word' id='word_1_158' title='bbox 1264 3649 1311 3701; x_wconf 87' lang='lat' dir='ltr'><em>ea</em></span> <span class='ocrx_word' id='word_1_159' title='bbox 1339 3623 1388 3701; x_wconf 91' lang='lat' dir='ltr'><em>de</em></span> 
     </span>
     <span class='ocr_line' id='line_1_26' title="bbox 210 3750 703 3833; baseline -0.008 0"><span class='ocrx_word' id='word_1_160' title='bbox 210 3752 276 3833; x_wconf 86' lang='lat' dir='ltr'><em>die</em></span> <span class='ocrx_word' id='word_1_161' title='bbox 303 3751 344 3830; x_wconf 92' lang='lat' dir='ltr'><em>in</em></span> <span class='ocrx_word' id='word_1_162' title='bbox 372 3751 478 3830; x_wconf 88' lang='lat' dir='ltr'><em>diem</em></span> <span class='ocrx_word' id='word_1_163' title='bbox 506 3750 570 3830; x_wconf 89' lang='lat' dir='ltr'><em>usi</em></span> <span class='ocrx_word' id='word_1_164' title='bbox 599 3757 703 3830; x_wconf 89' lang='lat' dir='ltr'><em>sunt.</em></span> 
     </span>
    </p>

    <p class='ocr_par' dir='ltr' id='par_1_12' title="bbox 208 3872 1390 4480">
     <span class='ocr_line' id='line_1_27' title="bbox 292 3872 1390 3983; baseline -0.005 -27"><span class='ocrx_word' id='word_1_165' title='bbox 292 3876 536 3983; x_wconf 87' lang='lat' dir='ltr'><em>Plerumque</em></span> <span class='ocrx_word' id='word_1_166' title='bbox 563 3873 800 3981; x_wconf 87' lang='lat' dir='ltr'><em>Superiores</em></span> <span class='ocrx_word' id='word_1_167' title='bbox 829 3872 1010 3952; x_wconf 90' lang='lat' dir='ltr'><em>nonnulli</em></span> <span class='ocrx_word' id='word_1_168' title='bbox 1038 3872 1143 3951; x_wconf 88' lang='lat' dir='ltr'><em>hano</em></span> <span class='ocrx_word' id='word_1_169' title='bbox 1173 3898 1390 3978; x_wconf 89' lang='lat' dir='ltr'><em>proposue-</em></span> 
     </span>
     <span class='ocr_line' id='line_1_28' title="bbox 210 3997 1387 4105; baseline -0.005 -23"><span class='ocrx_word' id='word_1_170' title='bbox 210 4009 307 4082; x_wconf 86' lang='lat' dir='ltr'><em>runt</em></span> <span class='ocrx_word' id='word_1_171' title='bbox 333 4001 566 4097; x_wconf 87' lang='lat' dir='ltr'><em>doctrinam,</em></span> <span class='ocrx_word' id='word_1_172' title='bbox 596 4025 761 4105; x_wconf 88' lang='lat' dir='ltr'><em>nempe:</em></span> <span class='ocrx_word' id='word_1_173' title='bbox 792 3999 841 4078; x_wconf 91' lang='lat' dir='ltr'><em>Si</em></span> <span class='ocrx_word' id='word_1_174' title='bbox 872 3999 1117 4105; x_wconf 84' lang='lat' dir='ltr'><em>interruptio</em></span> <span class='ocrx_word' id='word_1_175' title='bbox 1137 3997 1213 4096; x_wconf 83' lang='lat' dir='ltr'><em>fiat</em></span> <span class='ocrx_word' id='word_1_176' title='bbox 1240 4022 1296 4076; x_wconf 80' lang='lat' dir='ltr'><em>ux</em></span> <span class='ocrx_word' id='word_1_177' title='bbox 1323 4021 1387 4076; x_wconf 76' lang='lat' dir='ltr'><em>Ln-</em></span> 
     </span>
     <span class='ocr_line' id='line_1_29' title="bbox 210 4121 1389 4231; baseline -0.007 -23"><span class='ocrx_word' id='word_1_178' title='bbox 210 4151 360 4208; x_wconf 81' lang='lat' dir='ltr'><em>almuA</em></span> <span class='ocrx_word' id='word_1_179' title='bbox 379 4150 519 4225; x_wconf 69' lang='lat' dir='ltr'><em>caess,</em></span> <span class='ocrx_word' id='word_1_180' title='bbox 549 4124 646 4231; x_wconf 87' lang='lat' dir='ltr'><em>ipsis</em></span> <span class='ocrx_word' id='word_1_181' title='bbox 679 4123 851 4204; x_wconf 90' lang='lat' dir='ltr'><em>liberum</em></span> <span class='ocrx_word' id='word_1_182' title='bbox 881 4149 971 4202; x_wconf 88' lang='lat' dir='ltr'><em>esse</em></span> <span class='ocrx_word' id='word_1_183' title='bbox 1009 4123 1060 4202; x_wconf 86' lang='lat' dir='ltr'><em>ad</em></span> <span class='ocrx_word' id='word_1_184' title='bbox 1094 4121 1389 4227; x_wconf 86' lang='lat' dir='ltr'><em>professionem</em></span> 
     </span>
     <span class='ocr_line' id='line_1_30' title="bbox 211 4248 1390 4357; baseline -0.008 -24"><span class='ocrx_word' id='word_1_185' title='bbox 211 4252 420 4333; x_wconf 88' lang='lat' dir='ltr'><em>admittere</em></span> <span class='ocrx_word' id='word_1_186' title='bbox 440 4250 622 4331; x_wconf 88' lang='lat' dir='ltr'><em>Novitios</em></span> <span class='ocrx_word' id='word_1_187' title='bbox 641 4253 728 4330; x_wconf 87' lang='lat' dir='ltr'><em>sine</em></span> <span class='ocrx_word' id='word_1_188' title='bbox 737 4251 914 4357; x_wconf 81' lang='lat' dir='ltr'><em>praeuia</em></span> <span class='ocrx_word' id='word_1_189' title='bbox 928 4248 1154 4329; x_wconf 81' lang='lat' dir='ltr'><em>Sanctione</em></span> <span class='ocrx_word' id='word_1_190' title='bbox 1171 4248 1390 4354; x_wconf 87' lang='lat' dir='ltr'><em>interrupti</em></span> 
     </span>
     <span class='ocr_line' id='line_1_31' title="bbox 208 4375 1153 4480; baseline -0.007 -23"><span class='ocrx_word' id='word_1_191' title='bbox 208 4375 450 4457; x_wconf 82' lang='lat' dir='ltr'><em>Nocitiotus</em></span> <span class='ocrx_word' id='word_1_192' title='bbox 479 4404 501 4456; x_wconf 91' lang='lat' dir='ltr'><em>a</em></span> <span class='ocrx_word' id='word_1_193' title='bbox 530 4376 633 4456; x_wconf 90' lang='lat' dir='ltr'><em>Sede</em></span> <span class='ocrx_word' id='word_1_194' title='bbox 662 4375 897 4480; x_wconf 87' lang='lat' dir='ltr'><em>Apostolica</em></span> <span class='ocrx_word' id='word_1_195' title='bbox 925 4379 1153 4453; x_wconf 89' lang='lat' dir='ltr'><em>consecuta.</em></span> 
     </span>
    </p>

    <p class='ocr_par' dir='ltr' id='par_1_13' title="bbox 297 4497 1388 4593">
     <span class='ocr_line' id='line_1_32' title="bbox 297 4497 1388 4593; baseline -0.005 -13"><span class='ocrx_word' id='word_1_196' title='bbox 297 4501 508 4581; x_wconf 90' lang='lat' dir='ltr'><em>Neminem</em></span> <span class='ocrx_word' id='word_1_197' title='bbox 537 4500 630 4580; x_wconf 87' lang='lat' dir='ltr'><em>latet</em></span> <span class='ocrx_word' id='word_1_198' title='bbox 658 4499 762 4578; x_wconf 87' lang='lat' dir='ltr'><em>hanc</em></span> <span class='ocrx_word' id='word_1_199' title='bbox 790 4497 1018 4578; x_wconf 87' lang='lat' dir='ltr'><em>doctrinam</em></span> <span class='ocrx_word' id='word_1_200' title='bbox 1038 4524 1130 4576; x_wconf 88' lang='lat' dir='ltr'><em>esse</em></span> <span class='ocrx_word' id='word_1_201' title='bbox 1157 4523 1388 4593; x_wconf 85' lang='lat' dir='ltr'><em>erroneam;</em></span> 
     </span>
    </p>
   </div>
   <div class='ocr_carea' id='block_1_7' title="bbox 0 0 1787 5434">
    <p class='ocr_par' dir='ltr' id='par_1_14' title="bbox 0 0 1787 5434">
     <span class='ocr_line' id='line_1_33' title="bbox 0 0 1787 5434; baseline 0 0"><span class='ocrx_word' id='word_1_202' title='bbox 0 0 1787 5434; x_wconf 95' lang='lat' dir='ltr'><em> </em></span> 
     </span>
    </p>
   </div>
  </div>
 </body>
</html>
