3550 5434
721 557 864 612 ...95-

207 771 228 817 «
259 746 461 847 pernoctet
488 737 529 816 in
558 737 741 819 cubiculo
770 748 955 844 separato
985 765 1009 818 a
1037 738 1244 818 connnuni
1283 740 1383 819 Dor-

208 895 229 933 «
263 863 442 960 mitori03
476 861 589 969 quies
619 861 920 966 Religiosorurn
940 889 1022 942 non
1041 861 1243 942 turbetur:
1273 890 1386 943 oeco-

209 1020 229 1065 α
263 989 398 1069 nomia
429 992 658 1070 Conventus
677 986 914 1067 detrimento
934 1013 1014 1065 non
1035 986 1223 1092 patiatur:
1253 1013 1384 1094 neque

205 1143 227 1192 «
264 1113 442 1194 oriantur
461 1110 670 1208 scandala;
691 1137 814 1218 super
833 1111 980 1218 quibus
998 1111 1226 1219 Superioris
1244 1112 1382 1194 localis

207 1270 230 1318 «
260 1249 297 1318 et
326 1240 507 1346 ejusdem
537 1236 680 1334 Oblati,
726 1245 793 1317 aut
821 1238 1030 1318 Educendi
1068 1245 1257 1317 oneratur
1294 1264 1386 1320 con-

209 1393 230 1441 «
261 1363 426 1444 scientia
455 1393 491 1444 a.

341 1491 382 1568 4ο
411 1490 474 1568 De
520 1489 689 1594 Collepio
727 1486 1064 1567 Educendorum.
1102 1487 1294 1568 Nonnulli
1331 1516 1383 1568 ex

202 1611 487 1718 Superioribus
503 1611 711 1708 Ordinum,
732 1637 853 1689 causa
876 1610 1071 1690 educandi
1090 1611 1380 1691 Adulescentes

204 1737 256 1817 ad
285 1737 438 1816 bonum
468 1735 683 1830 Ecclesiae,
712 1734 919 1815 Societatis
948 1744 986 1815 et
1014 1734 1248 1840 Religionis,
1274 1735 1381 1815 insti-

203 1871 321 1942 tuunt
353 1860 549 1966 Collepia:
578 1866 616 1938 et
645 1859 738 1965 quia
766 1859 869 1939 intra
910 1858 1151 1940 Clausuram
1193 1860 1379 1957 existunt,

202 1984 403 2066 licentiam
434 2012 457 2064 a
484 1985 525 2064 S.
555 1982 875 2087 Congregatione
904 1983 1129 2090 exquirunt.
1150 1987 1262 2080 Quae
1280 1986 1381 2065 Con-

200 2111 398 2214 gregatio,
428 2109 654 2189 facultatem
683 2108 876 2206 tribuens,
907 2107 1042 2188 statuit
1070 2155 1121 2168 -
1145 2139 1165 2185 «
1185 2117 1228 2187 at
1247 2108 1381 2188 huius-

205 2263 228 2312 «
258 2233 368 2313 modi
396 2234 685 2315 Adolescentes
713 2232 856 2313 saltem
882 2232 1285 2339 decimumquartum
1314 2261 1380 2313 an-

203 2387 226 2436 «
256 2385 355 2436 nurn
384 2357 718 2456 (extraordinario
747 2357 1037 2461 dctodecirnum)
1068 2357 1207 2439 aetatis
1250 2357 1380 2465 exple-

204 2513 226 2560 «
256 2483 405 2578 verint;
435 2483 514 2561 sint
528 2481 604 2562 sub
626 2510 723 2562 cura
753 2480 946 2585 Religiosi
966 2481 1038 2559 viri
1058 2482 1240 2562 moribus
1261 2490 1379 2588 atque

203 2638 227 2686 «
258 2615 384 2688 aetate
414 2607 570 2712 gravis:
614 2635 636 2686 a
680 2607 849 2686 Novitiis
892 2615 929 2685 et
970 2605 1172 2685 Prolessis
1205 2607 1379 2711 separati

202 2762 225 2810 «
256 2732 410 2812 vivant:
441 2743 559 2838 atque
588 2730 854 2811 adhibeantur
897 2739 1078 2810 coeterae
1121 2731 1299 2810 cautelae
1327 2757 1379 2809 ne

201 2857 446 2937 «scandala
491 2857 671 2936 oriantur
713 2903 763 2915 -
806 2857 978 2935 Decreto
1030 2853 1152 2935 Clern.
1202 2856 1255 2934 X.
1303 2853 1379 2934 diei

205 3011 228 3058 «
259 2981 309 3060 16
338 2980 434 3086 Maji
465 2979 578 3060 1675.
610 2980 858 3086 coeterisque
887 2978 1097 3059 contrariis
1116 3005 1199 3058 non
1219 2979 1379 3059 obstan-

206 3134 228 3180 «
259 3103 366 3184 tibus
395 3133 430 3184 u.

339 3231 380 3308 5⁰
407 3231 469 3309 De
496 3229 811 3308 Inseroicntibus
844 3228 975 3309 Etiam
1004 3228 1044 3306 in
1077 3227 1379 3332 Religiosorum

199 3352 392 3434 domibus
421 3359 515 3432 sunt
543 3351 680 3433 famuli
710 3352 938 3451 necessarii,
969 3353 1019 3433 ad
1061 3379 1163 3458 quos
1197 3353 1379 3432 custodia

201 3487 243 3558 et
272 3479 479 3559 servilium
509 3478 594 3557 sive
621 3481 851 3560 Conventus
880 3477 965 3557 sive
982 3476 1186 3558 Ecclesiae
1213 3485 1375 3583 spectat.

200 3603 283 3683 Sed
311 3602 547 3710 plerumque
575 3603 753 3682 minores
783 3602 1036 3681 inveniuntur
1054 3628 1128 3708 pro
1149 3601 1295 3707 quibus
1314 3629 1379 3680 ne-

200 3727 379 3806 cessaria
407 3736 466 3806 est
509 3726 764 3834 dispensatio.
808 3729 926 3806 Hanc
955 3736 1089 3806 autem
1132 3726 1173 3805 S.
1203 3728 1379 3830 Congre-

202 3850 310 3956 gatio
340 3897 390 3910 -
421 3880 442 3928 «
472 3851 643 3956 benigne
664 3850 846 3930 concedit
865 3849 1027 3929 arbitrio
1056 3857 1093 3928 et
1113 3849 1379 3930 conscientiae

206 4007 227 4052 «
257 3975 303 4054 P.
332 3975 607 4075 ProvincialiS,
637 3977 690 4055 ita
732 3986 879 4071 tamen,
909 3983 953 4055 ut
980 3974 1033 4054 ibi
1071 3974 1281 4053 memorati
1319 3977 1377 4054 lu-

205 4130 228 4175 «
257 4125 377 4180 venes
406 4107 638 4207 pernoctent
657 4101 697 4179 in
717 4100 902 4179 cubiculo
922 4108 1106 4205 separato
1127 4126 1151 4178 a
1170 4097 1377 4178 communi

208 4252 228 4301 «
258 4223 509 4320 dormitorio;
549 4225 664 4332 quies
707 4223 1008 4328 Religiosorunr
1051 4249 1133 4302 non
1175 4223 1354 4303 turbetur
1364 4250 1375 4321 ;

206 4375 226 4422 «
258 4373 383 4454 neque
412 4349 592 4429 oriantur
612 4348 815 4448 scandala,
836 4374 959 4454 super
978 4346 1125 4454 quibus
1148 4347 1375 4454 Superioris

208 4502 228 4548 «
258 4470 404 4569 localis
420 4481 457 4552 et
486 4473 666 4580 ejusdem
686 4472 845 4552 Iuvenis
866 4480 1055 4552 oneratur
1076 4472 1374 4552 conscientia».
