3550 5434
717 493 877 547 -151-

206 677 429 784 simplicem,
459 672 593 780 utique
622 673 845 778 dispensari
887 673 1025 779 possit,
1065 682 1102 753 et
1150 673 1386 783 plerumque

212 801 476 907 dispensatur.

289 925 367 1003 Sed
394 923 487 1030 quid
517 922 728 1003 dicendum
757 923 805 1002 de
825 921 1073 1027 professione
1091 924 1257 1030 simplici
1273 948 1384 1028 prae-

204 1047 397 1127 mittenda
425 1049 474 1127 ad
496 1049 789 1155 professionem
817 1046 1056 1128 solemnem?

287 1172 384 1252 Pius
414 1174 525 1278 Papa
554 1172 624 1269 IX,
653 1171 708 1252 uti
733 1173 818 1278 jam
846 1171 1064 1269 innuimus,
1085 1174 1282 1278 praecepit
1302 1199 1384 1251 ma-

199 1294 359 1378 ximam
388 1289 655 1377 adhibendam
685 1323 775 1376 esse
795 1323 948 1395 curam,
969 1295 1286 1395 sollicitudinem,
1303 1296 1384 1378 dili-

199 1423 380 1526 gentiam
418 1422 467 1500 ad
506 1447 648 1501 eorum
676 1420 860 1526 spiritum
889 1420 1154 1527 probandum,
1172 1423 1239 1528 qui
1274 1422 1383 1501 Vota

199 1546 406 1626 Solemuiu
435 1549 520 1625 Deo
549 1572 782 1651 nuncupare
810 1545 1023 1651 postulant,
1053 1546 1213 1653 nequis
1241 1546 1384 1627 admit-

200 1679 322 1767 tatur,
343 1671 408 1778 qui
425 1669 572 1749 saeculi
588 1669 824 1773 contagione
852 1669 1038 1774 pollutuS,
1068 1679 1275 1776 tamquam
1296 1671 1382 1749 ovis

197 1794 387 1874 morbido
416 1795 585 1874 electum
613 1793 756 1874 Christi
786 1818 951 1897 gregem
982 1794 1145 1891 inficiat3
1173 1795 1236 1877 vel
1265 1822 1383 1875 uerae

199 1920 418 1998 vocationis
437 1945 593 2026 empers,
615 1943 780 2022 gravem
796 1918 971 2023 suseepti
990 1918 1156 1997 instituti
1174 1918 1379 1999 sodalibus

196 2041 429 2122 molestiam
459 2042 614 2138 afferam
644 2041 766 2120 voluit
785 2053 827 2122 ut
846 2041 1022 2147 primum
1035 2043 1187 2122 Nocitu'
1202 2043 1262 2122 acl
1277 2043 1381 2123 Pro-

195 2167 412 2261 fessc'ouem
446 2167 643 2246 Votorum
661 2165 905 2272 Simplicium
932 2166 1212 2272 reciperentur,
1234 2178 1381 2274 etpost

193 2293 424 2390 triennium,
458 2293 493 2370 si
528 2289 637 2396 (opu
676 2293 827 2397 reperti
862 2295 952 2387 siut,
991 2292 1041 2370 ad
1084 2291 1377 2397 professionem

199 2417 405 2494 Votorum
433 2415 677 2495 Solemuium
711 2415 977 2496 admittantur.

285 2545 362 2618 Ast
402 2538 496 2646 quid
525 2539 727 2644 agendum
763 2541 800 2618 si
824 2539 934 2644 clipei
962 2539 1040 2619 boc
1081 2548 1262 2646 tempore
1299 2569 1379 2622 non

188 2668 473 2772 reperiuntur,
491 2673 527 2743 et
544 2665 592 2744 ad
609 2671 757 2744 statum
773 2664 1005 2768 religiosum
1021 2665 1149 2745 vocati
1169 2692 1250 2744 non
1267 2671 1379 2747 sunt?

280 2788 394 2868 Tunc
436 2788 687 2896 prosequitur
728 2787 913 2868 laudatus
954 2788 1176 2893 legislator:
1207 2819 1230 2871 a
1259 2793 1376 2872 Votis

187 2912 452 3019 Simplieibus
481 2913 771 3018 dispensantur,
803 2920 840 2991 et
869 2911 1099 2993 huiusmodi
1139 2914 1378 3021 dispemutio

190 3046 402 3118 reservata
430 3045 490 3116 est
518 3037 704 3116 Romuuo
734 3037 934 3143 Pontifici.

278 3165 432 3244 Verum
461 3165 701 3271 quandoque
730 3164 848 3244 etiam
877 3192 929 3246 ex
957 3173 1067 3271 parte
1099 3166 1261 3247 Ordinis
1279 3194 1377 3246 con-

190 3289 285 3369 cedi
315 3297 443 3394 potest
471 3288 663 3368 dimissio

279 3413 396 3492 Nunc
425 3413 638 3492 ridendum
667 3415 825 3517 quando
855 3415 1069 3494 Romanus
1108 3415 1295 3495 Pontifex
1324 3415 1378 3494 di-

188 3545 386 3646 spensut;
405 3529 575 3644 'quaudo
605 3537 716 3618 Ordo
744 3538 962 3642 Professos
995 3539 1159 3620 dimittit.

276 3665 462 3744 Primum
493 3664 527 3743 si
556 3664 646 3771 quis
674 3661 736 3740 vel
765 3692 816 3743 ex
854 3665 1008 3745 defectu
1045 3666 1279 3765 vocationis,
1313 3666 1375 3745 vel

182 3815 317 3870 eausa
351 3787 490 3868 salutis
519 3815 643 3868 onera
671 3789 839 3871 Claustri
870 3788 1035 3868 ulterius
1064 3788 1261 3869 sustinere
1294 3817 1376 3868 non

181 3912 334 4008 valeat,
366 3939 505 4018 preces
534 3916 722 3994 Romano
753 3913 949 4013 Pontifici,
979 3921 1071 3992 voto
1090 3914 1374 3994 procuratoris

181 4038 511 4138 commendatas,
541 4039 717 4143 porrigit,
748 4047 786 4119 et
805 4041 844 4119 S.
875 4038 1141 4142 Congregatio
1165 4039 1226 4117 vel
1253 4040 1376 4144 Supe

183 4161 289 4242 riori
320 4163 515 4264 Generali,
545 4163 607 4242 vel
632 4163 844 4244 Ordinario
865 4163 1125 4261 postulantis,
1160 4197 1180 4241 u
1206 4162 1378 4268 benigue

188 4319 209 4362 a
247 4285 398 4385 annuit,
429 4286 496 4392 qui
524 4314 647 4393 super
679 4287 796 4366 Votis
838 4287 1085 4394 simplicibus
1120 4290 1374 4395 paupertatis

184 4444 206 4490 ι(
242 4410 490 4490 obedieutiae
513 4419 551 4490 et
579 4414 786 4511 castitatis,
808 4411 1043 4518 dispensare
1062 4410 1201 4492 valeat:
1222 4412 1375 4491 monito
